{"gold_per_floor":[114,129,146,156,156,189,189,189,189,189,214,227,4,37,37,156,156,172,72,85,85,85,85,85,55,78,78,96,109,34,58,58,58],"floor_reached":33,"playtime":3178,"items_purged":["Defend_P","Defend_P"],"score":284,"play_id":"4ecceeab-b0d2-438a-b169-e8cf7c851055","local_time":"20200405203609","is_ascension_mode":false,"campfire_choices":[{"data":"Eruption","floor":7.0,"key":"SMITH"},{"floor":10.0,"key":"RECALL"},{"data":"LikeWater","floor":15.0,"key":"SMITH"},{"data":"Vigilance","floor":23.0,"key":"SMITH"},{"floor":27.0,"key":"REST"},{"data":"MasterReality","floor":32.0,"key":"SMITH"}],"neow_cost":"NONE","seed_source_timestamp":0,"circlet_count":0,"master_deck":["Strike_P+1","Strike_P+1","Strike_P+1","Defend_P+1","Defend_P+1","Eruption+1","Vigilance+1","EmptyBody","LikeWater+1","FlyingSleeves","Halt","CarveReality+1","DeceiveReality+1","DeusExMachina+1","Necronomicurse","MasterReality+1"],"special_seed":0,"relics":["HolyWater","Pear","Golden Idol","Molten Egg 2","Vajra","Toxic Egg 2","Necronomicon"],"potions_floor_usage":[33,33,33],"damage_taken":[{"damage":4.0,"enemies":"Small Slimes","floor":1.0,"turns":4.0},{"damage":2.0,"enemies":"Jaw Worm","floor":2.0,"turns":2.0},{"damage":0.0,"enemies":"Cultist","floor":3.0,"turns":4.0},{"damage":4.0,"enemies":"Exordium Wildlife","floor":4.0,"turns":7.0},{"damage":9.0,"enemies":"Lagavulin","floor":6.0,"turns":6.0},{"damage":5.0,"enemies":"Looter","floor":11.0,"turns":3.0},{"damage":4.0,"enemies":"Exordium Thugs","floor":12.0,"turns":7.0},{"damage":14.0,"enemies":"3 Sentries","floor":14.0,"turns":7.0},{"damage":30.0,"enemies":"Hexaghost","floor":16.0,"turns":10.0},{"damage":7.0,"enemies":"2 Thieves","floor":18.0,"turns":5.0},{"damage":16.0,"enemies":"3 Byrds","floor":20.0,"turns":7.0},{"damage":0.0,"enemies":"3 Cultists","floor":24.0,"turns":4.0},{"damage":2.0,"enemies":"Snake Plant","floor":28.0,"turns":3.0},{"damage":13.0,"enemies":"Snecko","floor":29.0,"turns":5.0},{"damage":20.0,"enemies":"Chosen and Byrds","floor":31.0,"turns":5.0},{"damage":48,"enemies":"Champ","floor":33,"turns":15}],"seed_played":"3237471575977771825","potions_obtained":[{"floor":2.0,"key":"FearPotion"},{"floor":3.0,"key":"BottledMiracle"},{"floor":11.0,"key":"SmokeBomb"},{"floor":12.0,"key":"Dexterity Potion"},{"floor":18.0,"key":"BottledMiracle"},{"floor":20.0,"key":"Fruit Juice"},{"floor":25.0,"key":"Ambrosia"},{"floor":25.0,"key":"PowerPotion"},{"floor":28.0,"key":"StancePotion"},{"floor":31.0,"key":"Explosive Potion"}],"is_trial":false,"path_per_floor":["M","M","M","M","?","E","R","?","T","R","M","M","$","E","R","B",null,"M","$","M","?","?","R","M","?","T","R","M","M","?","M","R","B"],"character_chosen":"WATCHER","items_purchased":["Vajra"],"campfire_rested":1,"item_purchase_floors":[13],"current_hp_per_floor":[75,73,73,69,74,75,75,75,75,75,70,66,66,52,52,22,87,80,80,64,64,48,53,53,53,53,80,78,65,65,45,45,0],"gold":58,"neow_bonus":"TEN_PERCENT_HP_BONUS","is_prod":false,"is_daily":false,"chose_seed":false,"campfire_upgraded":4,"win_rate":0.0,"timestamp":1586147769,"path_taken":["M","M","M","M","?","E","R","?","T","R","M","M","?","E","R","BOSS","M","$","M","?","?","R","M","?","T","R","?","M","?","M","R","BOSS"],"build_version":"2020-01-27","purchased_purges":2,"victory":false,"max_hp_per_floor":[79,79,79,79,84,94,94,87,87,87,87,87,87,87,87,87,87,87,87,87,87,87,92,92,92,92,92,92,92,92,92,92,92],"card_choices":[{"not_picked":["Tantrum","Conclude"],"picked":"EmptyBody","floor":1.0},{"not_picked":["CrushJoints","Crescendo"],"picked":"LikeWater","floor":2.0},{"not_picked":["Evaluate","EmptyBody"],"picked":"FlyingSleeves","floor":3.0},{"not_picked":["ThirdEye","EmptyFist","Brilliance"],"picked":"SKIP","floor":4.0},{"not_picked":["InnerPeace","WheelKick"],"picked":"Halt","floor":6.0},{"not_picked":["PathToVictory","SashWhip+1","Weave+1"],"picked":"SKIP","floor":11.0},{"not_picked":["TalkToTheHand+1","FlurryOfBlows+1"],"picked":"CarveReality+1","floor":12.0},{"not_picked":["EmptyMind+1","Adaptation"],"picked":"DeceiveReality+1","floor":14.0},{"not_picked":["ConjureBlade+1","Vault+1"],"picked":"DeusExMachina+1","floor":16.0},{"not_picked":["SashWhip+1","BowlingBash+1","Evaluate+1"],"picked":"SKIP","floor":18.0},{"not_picked":["FlurryOfBlows+1","ClearTheMind+1","Halt+1"],"picked":"SKIP","floor":20.0},{"not_picked":["Halt+1","ThirdEye+1","FlyingSleeves+1"],"picked":"SKIP","floor":28.0},{"not_picked":["EmptyBody+1","PathToVictory+1","FollowUp+1"],"picked":"SKIP","floor":29.0},{"not_picked":["Evaluate+1","BowlingBash+1"],"picked":"MasterReality","floor":31.0}],"player_experience":425871,"relics_obtained":[{"floor":6.0,"key":"Pear"},{"floor":9.0,"key":"Molten Egg 2"},{"floor":14.0,"key":"Toxic Egg 2"},{"floor":22.0,"key":"Necronomicon"}],"event_choices":[{"damage_healed":0.0,"max_hp_gain":5.0,"max_hp_loss":0.0,"gold_gain":0.0,"event_name":"Big Fish","player_choice":"Donut","floor":5.0,"gold_loss":0.0,"damage_taken":0.0},{"damage_healed":0.0,"max_hp_gain":0.0,"max_hp_loss":7.0,"gold_gain":0.0,"event_name":"Golden Idol","player_choice":"Lose Max HP","floor":8.0,"gold_loss":0.0,"damage_taken":0.0,"relics_obtained":["Golden Idol"]},{"damage_healed":0.0,"max_hp_gain":0.0,"max_hp_loss":0.0,"gold_gain":0.0,"event_name":"Back to Basics","player_choice":"Simplicity","floor":21.0,"gold_loss":0.0,"damage_taken":0.0,"cards_upgraded":["Strike_P","Strike_P","Strike_P","Strike_P","Defend_P","Defend_P"]},{"damage_healed":0.0,"max_hp_gain":0.0,"max_hp_loss":0.0,"gold_gain":0.0,"event_name":"Cursed Tome","player_choice":"Obtained Book","floor":22.0,"gold_loss":0.0,"damage_taken":16.0},{"damage_healed":0.0,"max_hp_gain":0.0,"max_hp_loss":0.0,"gold_gain":0.0,"event_name":"The Woman in Blue","player_choice":"Bought 2 Potions","floor":25.0,"gold_loss":0.0,"damage_taken":0.0},{"cards_removed":["Strike_P"],"damage_healed":0.0,"max_hp_gain":0.0,"max_hp_loss":0.0,"gold_gain":0.0,"event_name":"Beggar","player_choice":"Gave Gold","floor":30.0,"gold_loss":75.0,"damage_taken":0.0}],"is_beta":false,"boss_relics":[{"not_picked":["Velvet Choker","Black Star"],"picked":"HolyWater"}],"items_purged_floors":[13,19],"is_endless":false,"potions_floor_spawned":[2,3,11,12,18,20,28,31],"killed_by":"Champ","ascension_level":0}