{"gold_per_floor":[110,128,203,221,171,18,30,50,128,128],"floor_reached":10,"playtime":795,"items_purged":["Defend_G"],"score":60,"play_id":"ee77988e-935b-4f55-8f8c-019f302cb772","local_time":"20200413210132","is_ascension_mode":false,"campfire_choices":[],"neow_cost":"NONE","seed_source_timestamp":3407759605671385,"circlet_count":0,"master_deck":["Strike_G","Strike_G","Strike_G","Strike_G","Defend_G","Defend_G","Defend_G","Defend_G","Survivor","Neutralize+1","Crippling Poison","Acrobatics","Well Laid Plans"],"relics":["Ring of the Snake","Molten Egg 2"],"potions_floor_usage":[7,10],"damage_taken":[{"damage":0,"enemies":"Small Slimes","floor":1,"turns":4},{"damage":0,"enemies":"Cultist","floor":2,"turns":5},{"damage":0,"enemies":"2 Louse","floor":4,"turns":3},{"damage":3,"enemies":"Blue Slaver","floor":7,"turns":6},{"damage":3,"enemies":"Large Slime","floor":8,"turns":6},{"damage":60,"enemies":"3 Sentries","floor":10,"turns":10}],"seed_played":"-6492692592276538350","potions_obtained":[{"floor":1,"key":"Weak Potion"},{"floor":4,"key":"Weak Potion"}],"is_trial":false,"path_per_floor":["M","M","?","M","?","$","M","M","T","E"],"character_chosen":"THE_SILENT","items_purchased":["Well Laid Plans"],"campfire_rested":0,"item_purchase_floors":[6],"current_hp_per_floor":[70,70,63,63,63,63,60,57,57,0],"gold":128,"neow_bonus":"UPGRADE_CARD","is_prod":false,"is_daily":false,"chose_seed":false,"campfire_upgraded":0,"win_rate":0,"timestamp":1586840492,"path_taken":["M","M","?","?","?","$","M","M","T","E"],"build_version":"2020-01-27","purchased_purges":1,"victory":false,"max_hp_per_floor":[70,70,70,70,70,70,70,70,70,70],"card_choices":[{"not_picked":["Distraction","Dagger Throw","Dagger Spray"],"picked":"SKIP","floor":1},{"not_picked":["Poisoned Stab","All Out Attack"],"picked":"Crippling Poison","floor":2},{"not_picked":["Blade Dance","Distraction"],"picked":"Acrobatics","floor":4},{"not_picked":["Catalyst","Endless Agony","Outmaneuver"],"picked":"SKIP","floor":7},{"not_picked":["Acrobatics","Outmaneuver","Sucker Punch"],"picked":"SKIP","floor":8}],"player_experience":470324,"relics_obtained":[{"floor":9,"key":"Molten Egg 2"}],"event_choices":[{"damage_healed":0,"gold_gain":75,"player_choice":"Touch","damage_taken":7,"max_hp_gain":0,"max_hp_loss":0,"event_name":"FaceTrader","floor":3,"gold_loss":0},{"cards_removed":["Strike_G"],"damage_healed":0,"gold_gain":0,"player_choice":"Card Removal","damage_taken":0,"max_hp_gain":0,"max_hp_loss":0,"event_name":"The Cleric","floor":5,"gold_loss":50}],"is_beta":false,"boss_relics":[],"items_purged_floors":[6],"is_endless":false,"potions_floor_spawned":[1,4],"killed_by":"3 Sentries","ascension_level":0}