{"gold_per_floor":[118,93,93,109,109,137,137,153,153,164,199,183,201,212,212,313,313,330,310,310,328,328,328,339,369,381,393,405,11,11,30,30,127,127,141,153,171,184,184,184,84,84,107,107,119,119,119,134,134,134],"floor_reached":50,"playtime":4480,"items_purged":["Defend_G","Defend_G"],"score":501,"play_id":"91c8c363-b12a-4e65-81aa-af7bce92f230","local_time":"20200413225755","is_ascension_mode":false,"campfire_choices":[{"data":"Noxious Fumes","floor":7.0,"key":"SMITH"},{"data":"Envenom","floor":15.0,"key":"SMITH"},{"data":"Burst","floor":23.0,"key":"SMITH"},{"data":"Crippling Poison","floor":27.0,"key":"SMITH"},{"data":"Masterful Stab","floor":30.0,"key":"SMITH"},{"floor":32.0,"key":"REST"},{"floor":40.0,"key":"RECALL"},{"data":"Madness","floor":42.0,"key":"SMITH"},{"data":"Bane","floor":44.0,"key":"SMITH"},{"data":"Catalyst","floor":46.0,"key":"SMITH"},{"data":"Footwork","floor":49.0,"key":"SMITH"}],"neow_cost":"NONE","seed_source_timestamp":3410569134740923,"circlet_count":0,"master_deck":["Strike_G","Strike_G","Strike_G","Strike_G","Strike_G","Defend_G","Defend_G","Defend_G","Survivor","Neutralize+1","Heel Hook","Backflip","Noxious Fumes+1","Leg Sweep","Envenom+1","Crippling Poison+1","Bane+1","Burst+1","Caltrops","Backflip+1","Blur","Footwork+1","Masterful Stab+1","Madness+1","Wraith Form v2","Catalyst+1","Terror+1","Blur","Bane+1"],"special_seed":0,"relics":["Ring of the Snake","NeowsBlessing","Mummified Hand","Lantern","SacredBark","Nloth\u0027s Gift","MawBank","Mercury Hourglass","Busted Crown","Anchor"],"potions_floor_usage":[50,50,50],"damage_taken":[{"damage":0.0,"enemies":"Jaw Worm","floor":1.0,"turns":1.0},{"damage":0.0,"enemies":"Small Slimes","floor":4.0,"turns":1.0},{"damage":0.0,"enemies":"3 Sentries","floor":6.0,"turns":1.0},{"damage":0.0,"enemies":"Cultist","floor":8.0,"turns":3.0},{"damage":2.0,"enemies":"Looter","floor":10.0,"turns":4.0},{"damage":22.0,"enemies":"Lagavulin","floor":11.0,"turns":8.0},{"damage":0.0,"enemies":"Exordium Thugs","floor":12.0,"turns":4.0},{"damage":5.0,"enemies":"Lots of Slimes","floor":13.0,"turns":5.0},{"damage":3.0,"enemies":"Large Slime","floor":14.0,"turns":6.0},{"damage":16.0,"enemies":"Hexaghost","floor":16.0,"turns":10.0},{"damage":7.0,"enemies":"Shell Parasite","floor":18.0,"turns":8.0},{"damage":9.0,"enemies":"2 Thieves","floor":19.0,"turns":4.0},{"damage":6.0,"enemies":"Shelled Parasite and Fungi","floor":21.0,"turns":8.0},{"damage":4.0,"enemies":"Snake Plant","floor":24.0,"turns":6.0},{"damage":3.0,"enemies":"Book of Stabbing","floor":25.0,"turns":7.0},{"damage":9.0,"enemies":"Centurion and Healer","floor":31.0,"turns":4.0},{"damage":56.0,"enemies":"Automaton","floor":33.0,"turns":10.0},{"damage":4.0,"enemies":"Orb Walker","floor":35.0,"turns":4.0},{"damage":0.0,"enemies":"3 Shapes","floor":36.0,"turns":3.0},{"damage":8.0,"enemies":"Spire Growth","floor":37.0,"turns":6.0},{"damage":16.0,"enemies":"Maw","floor":38.0,"turns":8.0},{"damage":0.0,"enemies":"3 Darklings","floor":45.0,"turns":5.0},{"damage":2.0,"enemies":"Jaw Worm Horde","floor":48.0,"turns":5.0},{"damage":47,"enemies":"Awakened One","floor":50,"turns":14}],"seed_played":"8611312788420006327","potions_obtained":[{"floor":6.0,"key":"Energy Potion"},{"floor":8.0,"key":"SneckoOil"},{"floor":10.0,"key":"Swift Potion"},{"floor":11.0,"key":"BlessingOfTheForge"},{"floor":12.0,"key":"SpeedPotion"},{"floor":13.0,"key":"Dexterity Potion"},{"floor":14.0,"key":"Weak Potion"},{"floor":16.0,"key":"Dexterity Potion"},{"floor":18.0,"key":"EssenceOfSteel"},{"floor":19.0,"key":"FearPotion"},{"floor":21.0,"key":"Poison Potion"},{"floor":37.0,"key":"ColorlessPotion"},{"floor":38.0,"key":"GhostInAJar"},{"floor":48.0,"key":"FearPotion"}],"is_trial":false,"path_per_floor":["M","$","?","M","?","E","R","M","T","M","E","M","M","M","R","B",null,"M","M","?","M","?","R","M","E","T","R","T","$","R","M","R","B",null,"M","M","M","M","?","R","$","R","T","R","M","R","?","M","R","B"],"character_chosen":"THE_SILENT","items_purchased":["Backflip","Fire Potion","Footwork","FearPotion","Masterful Stab","Madness"],"campfire_rested":1,"item_purchase_floors":[2,29,29,29,29,29],"current_hp_per_floor":[70,70,75,75,75,75,75,75,75,73,51,51,46,43,43,27,75,68,59,59,53,53,53,49,46,46,46,46,46,46,37,59,3,75,71,71,63,47,47,47,47,47,47,47,47,47,47,45,45,0],"gold":134,"neow_bonus":"THREE_ENEMY_KILL","is_prod":false,"is_daily":false,"chose_seed":false,"campfire_upgraded":9,"win_rate":0,"timestamp":1586847475,"path_taken":["M","$","?","M","?","E","R","M","T","M","E","M","M","M","R","BOSS","M","M","?","M","?","R","?","E","T","R","?","$","R","M","R","BOSS","M","M","M","M","?","R","$","R","T","R","?","R","?","?","R","BOSS"],"build_version":"2020-01-27","purchased_purges":2,"victory":false,"max_hp_per_floor":[70,70,75,75,75,75,75,75,75,75,75,75,75,75,75,75,75,75,75,75,75,75,75,75,75,75,75,75,75,75,75,75,75,75,75,75,75,75,75,75,75,75,75,75,75,75,75,75,75,75],"card_choices":[{"not_picked":["PiercingWail","Expertise"],"picked":"Heel Hook","floor":1.0},{"not_picked":["Backflip","Outmaneuver","Slice"],"picked":"SKIP","floor":4.0},{"not_picked":["Outmaneuver","Well Laid Plans"],"picked":"Noxious Fumes","floor":6.0},{"not_picked":["Deflect","Slice"],"picked":"Leg Sweep","floor":8.0},{"not_picked":["Dash","PiercingWail","Expertise"],"picked":"SKIP","floor":10.0},{"not_picked":["Dodge and Roll","Glass Knife"],"picked":"Envenom","floor":11.0},{"not_picked":["Dagger Throw","Concentrate"],"picked":"Crippling Poison","floor":12.0},{"not_picked":["Quick Slash","Deadly Poison"],"picked":"Bane","floor":13.0},{"not_picked":["Deflect","Envenom","Tactician"],"picked":"SKIP","floor":14.0},{"not_picked":["Grand Finale","Die Die Die"],"picked":"Burst","floor":16.0},{"not_picked":["Skewer","Deflect+1"],"picked":"Caltrops","floor":18.0},{"not_picked":["PiercingWail","Dodge and Roll"],"picked":"Backflip+1","floor":19.0},{"not_picked":["Dagger Spray+1","Heel Hook+1","Underhanded Strike"],"picked":"SKIP","floor":21.0},{"not_picked":["Dash+1","Eviscerate","Sucker Punch+1"],"picked":"SKIP","floor":24.0},{"not_picked":["Wraith Form v2","Leg Sweep"],"picked":"Blur","floor":25.0},{"not_picked":["Bane","Predator","PiercingWail+1"],"picked":"SKIP","floor":31.0},{"not_picked":["After Image","Unload"],"picked":"Wraith Form v2","floor":33.0},{"not_picked":["Concentrate"],"picked":"SKIP","floor":35.0},{"not_picked":[],"picked":"Catalyst","floor":36.0},{"not_picked":[],"picked":"Terror+1","floor":37.0},{"not_picked":["Riddle With Holes+1"],"picked":"SKIP","floor":38.0},{"not_picked":["Quick Slash"],"picked":"SKIP","floor":45.0},{"not_picked":[],"picked":"Bane+1","floor":48.0}],"player_experience":471119,"relics_obtained":[{"floor":6.0,"key":"Mummified Hand"},{"floor":9.0,"key":"White Beast Statue"},{"floor":11.0,"key":"Lantern"},{"floor":25.0,"key":"MawBank"},{"floor":28.0,"key":"Mercury Hourglass"},{"floor":43.0,"key":"Anchor"}],"event_choices":[{"damage_healed":0.0,"max_hp_gain":5.0,"max_hp_loss":0.0,"gold_gain":0.0,"event_name":"Big Fish","player_choice":"Donut","floor":3.0,"gold_loss":0.0,"damage_taken":0.0},{"damage_healed":0.0,"max_hp_gain":0.0,"max_hp_loss":0.0,"gold_gain":0.0,"event_name":"Upgrade Shrine","player_choice":"Upgraded","floor":5.0,"gold_loss":0.0,"damage_taken":0.0,"cards_upgraded":["Neutralize"]},{"damage_healed":0.0,"max_hp_gain":0.0,"max_hp_loss":0.0,"gold_gain":0.0,"event_name":"Ghosts","player_choice":"Ignored","floor":20.0,"gold_loss":0.0,"damage_taken":0.0},{"damage_healed":0.0,"max_hp_gain":0.0,"max_hp_loss":0.0,"gold_gain":0.0,"event_name":"N\u0027loth","player_choice":"Traded Relic","floor":22.0,"relics_lost":["White Beast Statue"],"gold_loss":0.0,"damage_taken":0.0,"relics_obtained":["Nloth\u0027s Gift"]},{"damage_healed":0.0,"max_hp_gain":0.0,"max_hp_loss":0.0,"gold_gain":0.0,"event_name":"Duplicator","player_choice":"Copied","floor":39.0,"gold_loss":0.0,"damage_taken":0.0,"cards_obtained":["Blur"]},{"damage_healed":0.0,"max_hp_gain":0.0,"max_hp_loss":0.0,"gold_gain":0.0,"event_name":"Match and Keep!","player_choice":"0 cards matched","floor":47.0,"gold_loss":0.0,"damage_taken":0.0,"cards_obtained":[]}],"is_beta":false,"boss_relics":[{"not_picked":["Runic Pyramid","Coffee Dripper"],"picked":"SacredBark"},{"not_picked":["Empty Cage","WristBlade"],"picked":"Busted Crown"}],"items_purged_floors":[29,41],"is_endless":false,"potions_floor_spawned":[6,8,10,11,12,13,14,16,18,19,21,37,38,48],"killed_by":"Awakened One","ascension_level":0}