{"gold_per_floor":[119,44,119,190,46,46,46,80,133,133,143,156,156,173,173,273,273,283,36,39,71,88,104,122,122,122,149,149,74,74,74,74,170,170,185,185,199,25,25,25,25,44,69,69,84,84],"floor_reached":46,"playtime":4785,"items_purged":["Writhe","Defend_G","Strike_G"],"score":436,"play_id":"bba4ec4b-d9a8-43a2-9104-e1ae0686047a","local_time":"20200411230256","is_ascension_mode":false,"campfire_choices":[{"data":"Neutralize","floor":6.0,"key":"SMITH"},{"floor":10.0,"key":"REST"},{"data":"Tools of the Trade","floor":13.0,"key":"SMITH"},{"data":"Distraction","floor":15.0,"key":"SMITH"},{"data":"Skewer","floor":25.0,"key":"SMITH"},{"floor":28.0,"key":"RECALL"},{"data":"Noxious Fumes","floor":30.0,"key":"SMITH"},{"floor":32.0,"key":"REST"},{"data":"After Image","floor":40.0,"key":"SMITH"},{"data":"Caltrops","floor":44.0,"key":"SMITH"}],"neow_cost":"CURSE","seed_source_timestamp":3237751170710974,"circlet_count":0,"master_deck":["Strike_G","Defend_G","Defend_G","Defend_G","Survivor","Neutralize+1","Distraction+1","Tools of the Trade+1","Footwork+1","Noxious Fumes+1","Bane","Leg Sweep+1","Prepared+1","After Image+1","Phantasmal Killer+1","Deadly Poison+1","Calculated Gamble+1","Caltrops+1","Skewer+1","Eviscerate","Necronomicurse","Doppelganger+1","Deadly Poison+1","Tactician+1"],"special_seed":0,"relics":["Ring of the Snake","Blue Candle","Toxic Egg 2","PreservedInsect","HoveringKite","Red Mask","Meat on the Bone","Oddly Smooth Stone","Necronomicon","SlaversCollar","Vajra"],"potions_floor_usage":[46],"damage_taken":[{"damage":5.0,"enemies":"Cultist","floor":1.0,"turns":6.0},{"damage":49.0,"enemies":"Gremlin Nob","floor":8.0,"turns":8.0},{"damage":0.0,"enemies":"Jaw Worm","floor":11.0,"turns":3.0},{"damage":0.0,"enemies":"Small Slimes","floor":12.0,"turns":4.0},{"damage":2.0,"enemies":"Exordium Thugs","floor":14.0,"turns":6.0},{"damage":10.0,"enemies":"Hexaghost","floor":16.0,"turns":14.0},{"damage":0.0,"enemies":"Chosen","floor":18.0,"turns":8.0},{"damage":14.0,"enemies":"2 Thieves","floor":20.0,"turns":4.0},{"damage":21.0,"enemies":"Masked Bandits","floor":21.0,"turns":7.0},{"damage":2.0,"enemies":"Chosen and Byrds","floor":22.0,"turns":7.0},{"damage":2.0,"enemies":"Cultist and Chosen","floor":23.0,"turns":8.0},{"damage":3.0,"enemies":"Shelled Parasite and Fungi","floor":24.0,"turns":6.0},{"damage":14.0,"enemies":"Gremlin Leader","floor":27.0,"turns":7.0},{"damage":36.0,"enemies":"Collector","floor":33.0,"turns":10.0},{"damage":0.0,"enemies":"Orb Walker","floor":35.0,"turns":2.0},{"damage":13.0,"enemies":"3 Shapes","floor":37.0,"turns":5.0},{"damage":7.0,"enemies":"Maw","floor":42.0,"turns":5.0},{"damage":52.0,"enemies":"4 Shapes","floor":45.0,"turns":6.0},{"damage":23,"enemies":"Spire Growth","floor":46,"turns":3}],"seed_played":"-4187765940122056826","potions_obtained":[{"floor":8.0,"key":"Energy Potion"},{"floor":11.0,"key":"EssenceOfSteel"},{"floor":14.0,"key":"FearPotion"},{"floor":20.0,"key":"Regen Potion"},{"floor":21.0,"key":"AttackPotion"},{"floor":22.0,"key":"CunningPotion"},{"floor":45.0,"key":"AttackPotion"}],"is_trial":false,"path_per_floor":["M","$","?","T","$","R","?","E","T","R","M","M","R","M","R","B",null,"M","$","M","?","M","M","M","R","T","E","R","?","R","?","R","B",null,"M","?","M","$","?","R","$","M","T","R","M","M"],"character_chosen":"THE_SILENT","items_purchased":["Footwork","Fruit Juice","Phantasmal Killer+1","FearPotion"],"campfire_rested":2,"item_purchase_floors":[5,5,19,38],"current_hp_per_floor":[65,65,54,54,59,59,59,10,10,32,32,32,32,30,30,20,75,75,75,61,55,53,51,48,48,48,46,46,46,46,30,52,28,75,75,75,62,62,62,62,62,55,55,55,15,0],"gold":84,"neow_bonus":"TRANSFORM_TWO_CARDS","is_prod":false,"is_daily":false,"chose_seed":false,"campfire_upgraded":7,"win_rate":0,"timestamp":1586674976,"path_taken":["M","$","?","?","$","R","?","E","T","R","?","M","R","M","R","BOSS","M","$","?","?","M","M","M","R","T","E","R","?","R","?","R","BOSS","M","?","M","$","?","R","$","M","T","R","M","?"],"build_version":"2020-01-27","purchased_purges":3,"victory":false,"max_hp_per_floor":[70,70,70,70,75,75,75,75,75,75,75,75,75,75,75,75,75,75,75,75,75,75,75,75,75,75,75,75,75,75,75,75,75,75,75,75,75,75,75,75,75,75,75,75,75,75],"card_choices":[{"not_picked":["Poisoned Stab","Endless Agony","Cloak And Dagger"],"picked":"SKIP","floor":1.0},{"not_picked":["Bane","Underhanded Strike"],"picked":"Noxious Fumes","floor":8.0},{"not_picked":["Prepared+1","Underhanded Strike"],"picked":"Bane","floor":11.0},{"not_picked":["Dodge and Roll+1","Acrobatics+1"],"picked":"Leg Sweep+1","floor":12.0},{"not_picked":["Accuracy","Dodge and Roll+1"],"picked":"Prepared+1","floor":14.0},{"not_picked":["Tools of the Trade","Bullet Time+1"],"picked":"After Image","floor":16.0},{"not_picked":["Concentrate+1","Deflect+1","Blade Dance+1"],"picked":"SKIP","floor":18.0},{"not_picked":["Heel Hook","Dagger Spray","All Out Attack"],"picked":"SKIP","floor":20.0},{"not_picked":["Acrobatics+1","Underhanded Strike+1"],"picked":"Deadly Poison+1","floor":21.0},{"not_picked":["Quick Slash","Leg Sweep+1"],"picked":"Calculated Gamble+1","floor":22.0},{"not_picked":["Poisoned Stab","Concentrate+1"],"picked":"Caltrops","floor":23.0},{"not_picked":["Sucker Punch+1","Dagger Throw"],"picked":"Skewer","floor":24.0},{"not_picked":["Quick Slash","Cloak And Dagger+1"],"picked":"Eviscerate","floor":27.0},{"not_picked":["Grand Finale","Night Terror+1"],"picked":"Doppelganger+1","floor":33.0},{"not_picked":["Setup+1","Cloak And Dagger+1"],"picked":"Deadly Poison+1","floor":35.0},{"not_picked":["Footwork","Deadly Poison+1"],"picked":"Tactician+1","floor":37.0},{"not_picked":["Slice+1","PiercingWail+1","Outmaneuver+1"],"picked":"SKIP","floor":42.0},{"not_picked":["Dagger Spray+1","Bane+1","Distraction+1"],"picked":"SKIP","floor":45.0}],"player_experience":451501,"relics_obtained":[{"floor":4.0,"key":"Blue Candle"},{"floor":8.0,"key":"Toxic Egg 2"},{"floor":9.0,"key":"PreservedInsect"},{"floor":21.0,"key":"Red Mask"},{"floor":26.0,"key":"Meat on the Bone"},{"floor":27.0,"key":"Oddly Smooth Stone"},{"floor":31.0,"key":"Necronomicon"}],"event_choices":[{"damage_healed":0.0,"max_hp_gain":0.0,"max_hp_loss":0.0,"gold_gain":75.0,"event_name":"World of Goop","player_choice":"Gather Gold","floor":3.0,"gold_loss":0.0,"damage_taken":11.0},{"damage_healed":0.0,"max_hp_gain":0.0,"max_hp_loss":0.0,"gold_gain":0.0,"event_name":"Living Wall","player_choice":"Grow","floor":7.0,"gold_loss":0.0,"damage_taken":0.0,"cards_upgraded":["Footwork"]},{"damage_healed":0.0,"max_hp_gain":0.0,"max_hp_loss":0.0,"gold_gain":0.0,"event_name":"Masked Bandits","player_choice":"Fought Bandits","floor":21.0,"gold_loss":0.0,"damage_taken":0.0},{"cards_removed":["Strike_G"],"damage_healed":0.0,"max_hp_gain":0.0,"max_hp_loss":0.0,"gold_gain":0.0,"event_name":"Beggar","player_choice":"Gave Gold","floor":29.0,"gold_loss":75.0,"damage_taken":0.0},{"damage_healed":0.0,"max_hp_gain":0.0,"max_hp_loss":0.0,"gold_gain":0.0,"event_name":"Cursed Tome","player_choice":"Obtained Book","floor":31.0,"gold_loss":0.0,"damage_taken":16.0},{"cards_removed":["Strike_G"],"damage_healed":0.0,"max_hp_gain":0.0,"max_hp_loss":0.0,"gold_gain":0.0,"event_name":"Falling","player_choice":"Removed Attack","floor":36.0,"gold_loss":0.0,"damage_taken":0.0},{"damage_healed":0.0,"max_hp_gain":0.0,"max_hp_loss":0.0,"gold_gain":0.0,"event_name":"WeMeetAgain","player_choice":"Gave Potion","floor":39.0,"gold_loss":0.0,"damage_taken":0.0,"relics_obtained":["Vajra"]}],"is_beta":false,"boss_relics":[{"not_picked":["Cursed Key","Empty Cage"],"picked":"HoveringKite"},{"not_picked":["Runic Dome","Astrolabe"],"picked":"SlaversCollar"}],"items_purged_floors":[2,19,38],"is_endless":false,"potions_floor_spawned":[8,11,14,20,21,22,23,45],"killed_by":"Spire Growth","ascension_level":0}