{"gold_per_floor":[112,125,125,137,152,152,217,244,244,244,255,274,293,304,304,404,404,393,413,193,193,204,235,235,261,261,261,261,296,308,5,5,102,102,116,128,128,147,0,29,29,45,45,45],"floor_reached":44,"playtime":4303,"items_purged":["Defend_G"],"score":502,"play_id":"22ca7aa9-92d9-4302-8baf-0eb592ce4994","local_time":"20200405214818","is_ascension_mode":false,"campfire_choices":[{"data":"Neutralize","floor":6,"key":"SMITH"},{"floor":15,"key":"REST"},{"floor":24,"key":"RECALL"},{"floor":27,"key":"REST"},{"floor":32,"key":"REST"},{"floor":41,"key":"REST"}],"neow_cost":"NONE","seed_source_timestamp":2715705543524923,"circlet_count":0,"master_deck":["Strike_G+1","Strike_G+1","Strike_G+1","Defend_G+1","Defend_G+1","Defend_G+1","Survivor","Neutralize+1","Quick Slash","Catalyst","Noxious Fumes","Footwork","Crippling Poison","Bane","Dash","Wraith Form v2","Blur","Deadly Poison","Terror+1","Poisoned Stab","Backflip","Footwork","Tools of the Trade","Tactician+1","Prepared+1","Madness","Madness","Concentrate+1","Backflip","Deadly Poison"],"relics":["Ring of the Snake","CaptainsWheel","The Specimen","TungstenRod","StoneCalendar","Empty Cage","OrangePellets","Bottled Tornado","Tingsha","Juzu Bracelet","Lantern","DollysMirror","Fusion Hammer","Snake Skull","Mummified Hand","Bronze Scales"],"potions_floor_usage":[3,4,7,7,16,16,33,33,33,42,42],"damage_taken":[{"damage":0,"enemies":"Cultist","floor":1,"turns":3},{"damage":0,"enemies":"Jaw Worm","floor":2,"turns":5},{"damage":0,"enemies":"2 Louse","floor":4,"turns":2},{"damage":4,"enemies":"Blue Slaver","floor":5,"turns":6},{"damage":23,"enemies":"3 Sentries","floor":7,"turns":17},{"damage":29,"enemies":"3 Sentries","floor":8,"turns":9},{"damage":0,"enemies":"Large Slime","floor":11,"turns":7},{"damage":8,"enemies":"Lots of Slimes","floor":12,"turns":3},{"damage":0,"enemies":"Blue Slaver","floor":13,"turns":5},{"damage":5,"enemies":"Gremlin Gang","floor":14,"turns":4},{"damage":1,"enemies":"Hexaghost","floor":16,"turns":7},{"damage":5,"enemies":"2 Thieves","floor":18,"turns":5},{"damage":4,"enemies":"Chosen","floor":19,"turns":7},{"damage":4,"enemies":"Snake Plant","floor":22,"turns":6},{"damage":2,"enemies":"Book of Stabbing","floor":23,"turns":7},{"damage":36,"enemies":"Slavers","floor":25,"turns":6},{"damage":10,"enemies":"Gremlin Leader","floor":29,"turns":7},{"damage":20,"enemies":"3 Cultists","floor":30,"turns":7},{"damage":9,"enemies":"Champ","floor":33,"turns":10},{"damage":1,"enemies":"3 Shapes","floor":35,"turns":4},{"damage":3,"enemies":"3 Darklings","floor":36,"turns":6},{"damage":20,"enemies":"4 Shapes","floor":38,"turns":5},{"damage":24,"enemies":"Nemesis","floor":40,"turns":7},{"damage":25,"enemies":"Transient","floor":42,"turns":5},{"damage":24,"enemies":"Reptomancer","floor":44,"turns":2}],"seed_played":"-4419236570756411920","potions_obtained":[{"floor":2,"key":"SkillPotion"},{"floor":3,"key":"Block Potion"},{"floor":3,"key":"Fruit Juice"},{"floor":3,"key":"ColorlessPotion"},{"floor":5,"key":"EssenceOfSteel"},{"floor":11,"key":"Ancient Potion"},{"floor":13,"key":"SneckoOil"},{"floor":14,"key":"Strength Potion"},{"floor":16,"key":"BlessingOfTheForge"},{"floor":18,"key":"DistilledChaos"},{"floor":19,"key":"FearPotion"},{"floor":33,"key":"Dexterity Potion"},{"floor":36,"key":"EssenceOfSteel"}],"is_trial":false,"path_per_floor":["M","M","?","M","M","R","?","E","T","T","M","M","M","M","R","B",null,"M","M","$","?","M","E","R","E","T","R","?","E","M","$","R","B",null,"M","M","?","M","$","E","R","M","T","E"],"character_chosen":"THE_SILENT","items_purchased":["OrangePellets","Lantern","DollysMirror","Snake Skull"],"campfire_rested":4,"item_purchase_floors":[20,31,31,39],"current_hp_per_floor":[70,70,75,75,71,71,48,19,19,19,19,11,11,6,28,27,75,70,66,66,66,62,60,60,24,24,46,46,36,16,16,38,29,75,74,71,63,43,43,19,41,16,16,0],"gold":45,"neow_bonus":"TRANSFORM_CARD","is_prod":false,"is_daily":false,"chose_seed":false,"campfire_upgraded":1,"win_rate":0,"timestamp":1586152098,"path_taken":["M","M","?","M","?","R","?","E","T","?","M","M","M","M","R","BOSS","M","M","$","?","M","E","R","E","T","R","?","E","M","$","R","BOSS","M","M","?","M","$","E","R","M","T","E"],"build_version":"2020-01-27","purchased_purges":1,"victory":false,"max_hp_per_floor":[70,70,75,75,75,75,75,75,75,75,75,75,75,75,75,75,75,75,75,75,75,75,75,75,75,75,75,75,75,75,75,75,75,75,75,75,75,75,75,75,75,75,75,75],"card_choices":[{"not_picked":["Acrobatics","Deflect","Tactician"],"picked":"SKIP","floor":1},{"not_picked":["PiercingWail","Calculated Gamble","Slice"],"picked":"SKIP","floor":2},{"not_picked":["Outmaneuver","Backflip"],"picked":"Catalyst","floor":4},{"not_picked":["Quick Slash","Deflect","Infinite Blades"],"picked":"SKIP","floor":5},{"not_picked":["Reflex","Quick Slash"],"picked":"Noxious Fumes","floor":7},{"not_picked":["Phantasmal Killer","Quick Slash"],"picked":"Footwork","floor":8},{"not_picked":["Acrobatics","Dagger Throw"],"picked":"Crippling Poison","floor":11},{"not_picked":["All Out Attack","Endless Agony"],"picked":"Bane","floor":12},{"not_picked":["Flying Knee","Predator"],"picked":"Dash","floor":13},{"not_picked":["PiercingWail","Outmaneuver","Accuracy"],"picked":"SKIP","floor":14},{"not_picked":["A Thousand Cuts","Grand Finale"],"picked":"Wraith Form v2","floor":16},{"not_picked":["Slice","Prepared+1"],"picked":"Blur","floor":18},{"not_picked":["Cloak And Dagger","Well Laid Plans"],"picked":"Deadly Poison","floor":19},{"not_picked":["Dagger Spray","Predator"],"picked":"Terror+1","floor":22},{"not_picked":["Underhanded Strike","Expertise"],"picked":"Poisoned Stab","floor":23},{"not_picked":["Deadly Poison","Crippling Poison","Setup"],"picked":"SKIP","floor":25},{"not_picked":["Accuracy","Quick Slash+1","PiercingWail"],"picked":"SKIP","floor":29},{"not_picked":["Masterful Stab","Bane"],"picked":"Backflip","floor":30},{"not_picked":["Glass Knife","A Thousand Cuts"],"picked":"Tools of the Trade","floor":33},{"not_picked":["Underhanded Strike","Blade Dance"],"picked":"Tactician+1","floor":35},{"not_picked":["Sucker Punch+1","PiercingWail"],"picked":"Prepared+1","floor":36},{"not_picked":["PiercingWail+1","Underhanded Strike"],"picked":"Concentrate+1","floor":38},{"not_picked":["Blade Dance","Outmaneuver+1"],"picked":"Backflip","floor":40},{"not_picked":["Cloak And Dagger+1","Dodge and Roll"],"picked":"Deadly Poison","floor":42}],"player_experience":429049,"relics_obtained":[{"floor":7,"key":"CaptainsWheel"},{"floor":8,"key":"The Specimen"},{"floor":9,"key":"TungstenRod"},{"floor":10,"key":"StoneCalendar"},{"floor":23,"key":"Bottled Tornado"},{"floor":25,"key":"Tingsha"},{"floor":29,"key":"Juzu Bracelet"},{"floor":40,"key":"Mummified Hand"},{"floor":43,"key":"Bronze Scales"}],"event_choices":[{"damage_healed":0,"gold_gain":0,"player_choice":"Got Potions","damage_taken":0,"max_hp_gain":0,"max_hp_loss":0,"event_name":"Lab","floor":3,"gold_loss":0},{"damage_healed":0,"gold_gain":30,"player_choice":"Searched \u00272\u0027 times","damage_taken":0,"max_hp_gain":0,"max_hp_loss":0,"event_name":"Dead Adventurer","floor":7,"gold_loss":0},{"damage_healed":0,"gold_gain":0,"player_choice":"Ignored","damage_taken":0,"max_hp_gain":0,"max_hp_loss":0,"event_name":"Ghosts","floor":21,"gold_loss":0},{"damage_healed":0,"gold_gain":0,"player_choice":"Simplicity","damage_taken":0,"max_hp_gain":0,"max_hp_loss":0,"event_name":"Back to Basics","floor":28,"gold_loss":0,"cards_upgraded":["Strike_G","Strike_G","Strike_G","Defend_G","Defend_G","Defend_G"]},{"damage_healed":0,"gold_gain":0,"player_choice":"Embrace Madness","damage_taken":9,"max_hp_gain":0,"max_hp_loss":0,"event_name":"Winding Halls","floor":37,"gold_loss":0,"cards_obtained":["Madness","Madness"]}],"is_beta":false,"boss_relics":[{"not_picked":["Astrolabe","WristBlade"],"picked":"Empty Cage"},{"not_picked":["Calling Bell","Coffee Dripper"],"picked":"Fusion Hammer"}],"items_purged_floors":[20],"is_endless":false,"potions_floor_spawned":[2,5,11,13,14,16,18,19,23,29,33,36],"killed_by":"Reptomancer","ascension_level":0}