{"gold_per_floor":[212,212,224,224,80,115,115,132,132,162,173,187,30,45,45,146,146,156,167,347,4,23,23,52,2,25,25,35,35,50,50,50,149,149,162,173,190,1189,1189,1189,440,440,440,460,479,479,495,511,511,511,511,511,10,42,42],"floor_reached":55,"playtime":5107,"items_purged":["Defend_G","Strike_G","Defend_G","Prepared"],"score":701,"play_id":"472405b1-9f7d-42a5-a6aa-9652ff72d955","local_time":"20200429225703","is_ascension_mode":false,"campfire_choices":[{"data":"Neutralize","floor":7.0,"key":"SMITH"},{"data":"Burst","floor":15.0,"key":"SMITH"},{"data":"Noxious Fumes","floor":23.0,"key":"SMITH"},{"data":"Malaise","floor":27.0,"key":"SMITH"},{"data":"1","floor":29.0,"key":"LIFT"},{"data":"2","floor":32.0,"key":"LIFT"},{"data":"3","floor":40.0,"key":"LIFT"},{"floor":42.0,"key":"RECALL"},{"data":"Backflip","floor":46.0,"key":"SMITH"},{"data":"Crippling Poison","floor":49.0,"key":"SMITH"},{"data":"Thinking Ahead","floor":52.0,"key":"SMITH"}],"neow_cost":"NONE","seed_source_timestamp":4792343176389334,"circlet_count":0,"master_deck":["Strike_G","Strike_G","Strike_G","Defend_G","Defend_G","Defend_G","Survivor","Neutralize+1","Crippling Poison+1","Burst+1","Noxious Fumes+1","Poisoned Stab","Deadly Poison","Dash","Neutralize+1","Malaise+1","CurseOfTheBell","Backflip+1","Backflip+1","Backflip+1","Malaise","Thinking Ahead+1","Heel Hook","Crippling Poison+1","Dodge and Roll+1","Catalyst+1"],"special_seed":0,"relics":["Ring of the Snake","Du-Vu Doll","Anchor","Sundial","Meat on the Bone","DollysMirror","Calling Bell","Girya","Matryoshka","Bag of Marbles","Happy Flower","Omamori","Vajra","Darkstone Periapt","SlaversCollar","Lee\u0027s Waffle","Snake Skull","Singing Bowl","Ancient Tea Set","Bottled Tornado","Torii","Centennial Puzzle"],"potions_floor_usage":[55,55],"damage_taken":[{"damage":2.0,"enemies":"Small Slimes","floor":1.0,"turns":4.0},{"damage":0.0,"enemies":"Cultist","floor":3.0,"turns":4.0},{"damage":17.0,"enemies":"3 Sentries","floor":6.0,"turns":8.0},{"damage":0.0,"enemies":"2 Louse","floor":8.0,"turns":3.0},{"damage":5.0,"enemies":"Lagavulin","floor":10.0,"turns":7.0},{"damage":3.0,"enemies":"Red Slaver","floor":11.0,"turns":2.0},{"damage":12.0,"enemies":"Large Slime","floor":12.0,"turns":6.0},{"damage":10.0,"enemies":"2 Fungi Beasts","floor":14.0,"turns":4.0},{"damage":8.0,"enemies":"Hexaghost","floor":16.0,"turns":9.0},{"damage":7.0,"enemies":"Spheric Guardian","floor":18.0,"turns":4.0},{"damage":0.0,"enemies":"Chosen","floor":19.0,"turns":6.0},{"damage":15.0,"enemies":"Centurion and Healer","floor":22.0,"turns":8.0},{"damage":13.0,"enemies":"Gremlin Leader","floor":24.0,"turns":6.0},{"damage":6.0,"enemies":"Snake Plant","floor":28.0,"turns":4.0},{"damage":3.0,"enemies":"Shelled Parasite and Fungi","floor":30.0,"turns":5.0},{"damage":24.0,"enemies":"Automaton","floor":33.0,"turns":10.0},{"damage":23.0,"enemies":"3 Darklings","floor":35.0,"turns":9.0},{"damage":9.0,"enemies":"3 Shapes","floor":36.0,"turns":6.0},{"damage":19.0,"enemies":"3 Darklings","floor":37.0,"turns":6.0},{"damage":0.0,"enemies":"Maw","floor":44.0,"turns":9.0},{"damage":14.0,"enemies":"Transient","floor":45.0,"turns":5.0},{"damage":4.0,"enemies":"Jaw Worm Horde","floor":47.0,"turns":4.0},{"damage":9.0,"enemies":"Spire Growth","floor":48.0,"turns":5.0},{"damage":48.0,"enemies":"Awakened One","floor":50.0,"turns":15.0},{"damage":17.0,"enemies":"Shield and Spear","floor":54.0,"turns":5.0},{"damage":69,"enemies":"The Heart","floor":55,"turns":5}],"seed_played":"-5117001598308160803","potions_obtained":[{"floor":6.0,"key":"Block Potion"},{"floor":8.0,"key":"Swift Potion"},{"floor":11.0,"key":"DistilledChaos"},{"floor":12.0,"key":"LiquidBronze"},{"floor":19.0,"key":"LiquidBronze"},{"floor":22.0,"key":"CultistPotion"},{"floor":28.0,"key":"Ancient Potion"},{"floor":30.0,"key":"Swift Potion"},{"floor":37.0,"key":"LiquidMemories"},{"floor":47.0,"key":"Dexterity Potion"}],"is_trial":false,"path_per_floor":["M","?","M","?","$","E","R","M","T","E","M","M","$","M","R","B",null,"M","M","?","$","M","R","E","?","T","R","M","R","M","$","R","B",null,"M","M","M","?","?","R","$","R","T","M","M","R","M","M","R","B",null,"R","$","E","B"],"character_chosen":"THE_SILENT","items_purchased":["Noxious Fumes","DollysMirror","Happy Flower","Fruit Juice","Lee\u0027s Waffle","Snake Skull","Singing Bowl","Heel Hook","Torii","Weak Potion"],"campfire_rested":0,"item_purchase_floors":[5,13,21,21,41,41,41,41,53,53],"current_hp_per_floor":[68,56,56,56,56,39,39,39,39,34,43,43,43,45,45,37,70,63,63,44,49,46,46,45,45,45,45,39,39,48,48,48,36,75,52,43,36,36,36,36,82,82,82,82,68,68,66,59,59,23,86,86,86,69,0],"gold":42,"neow_bonus":"HUNDRED_GOLD","is_prod":false,"is_daily":false,"chose_seed":false,"campfire_upgraded":7,"win_rate":0,"timestamp":1588229823,"path_taken":["M","?","M","?","$","E","R","?","T","E","M","?","?","?","R","BOSS","M","M","?","$","?","R","E","?","T","R","M","R","M","$","R","BOSS","M","M","M","?","?","R","$","R","T","M","M","R","M","M","R","BOSS","R","$","E","BOSS"],"build_version":"2020-01-27","purchased_purges":4,"victory":false,"max_hp_per_floor":[70,70,70,70,70,70,70,70,70,70,70,70,70,70,70,70,70,70,70,70,75,75,75,75,75,75,75,75,75,75,75,75,75,75,75,75,75,75,75,75,82,82,82,82,82,82,84,86,86,86,86,86,86,86,86],"card_choices":[{"not_picked":["PiercingWail","Dodge and Roll"],"picked":"Prepared","floor":1.0},{"not_picked":["Dagger Throw","Reflex"],"picked":"Crippling Poison","floor":3.0},{"not_picked":["PiercingWail","Blade Dance","Riddle With Holes"],"picked":"SKIP","floor":6.0},{"not_picked":["Dagger Spray","Tactician"],"picked":"Poisoned Stab","floor":8.0},{"not_picked":["Poisoned Stab","PiercingWail"],"picked":"Deadly Poison","floor":10.0},{"not_picked":["Poisoned Stab","Blade Dance","Doppelganger"],"picked":"SKIP","floor":11.0},{"not_picked":["Well Laid Plans","Sucker Punch"],"picked":"Dash","floor":12.0},{"not_picked":["Dodge and Roll","Quick Slash","Prepared"],"picked":"SKIP","floor":14.0},{"not_picked":["After Image","Grand Finale"],"picked":"Malaise","floor":16.0},{"not_picked":["Poisoned Stab+1","Distraction+1","Calculated Gamble"],"picked":"SKIP","floor":18.0},{"not_picked":["Sucker Punch","Cloak And Dagger","Infinite Blades"],"picked":"SKIP","floor":19.0},{"not_picked":["Dagger Throw","Prepared"],"picked":"Backflip","floor":22.0},{"not_picked":["Riddle With Holes","Heel Hook+1"],"picked":"Backflip+1","floor":24.0},{"not_picked":["Bouncing Flask+1","All Out Attack","Tools of the Trade"],"picked":"SKIP","floor":28.0},{"not_picked":["Dagger Throw+1","Dagger Spray+1"],"picked":"Backflip+1","floor":30.0},{"not_picked":["Adrenaline","Tools of the Trade"],"picked":"Malaise","floor":33.0},{"not_picked":["Bane","Caltrops+1","Quick Slash"],"picked":"SKIP","floor":35.0},{"not_picked":["All Out Attack","Tactician+1","Dagger Throw+1"],"picked":"SKIP","floor":36.0},{"not_picked":["Deflect","Sucker Punch+1","Blade Dance+1"],"picked":"SKIP","floor":37.0},{"not_picked":["HandOfGreed","Discovery"],"picked":"Thinking Ahead","floor":39.0},{"not_picked":["Reflex","Flechettes"],"picked":"Crippling Poison+1","floor":44.0},{"not_picked":["Flying Knee+1","Slice"],"picked":"Dodge and Roll+1","floor":45.0},{"not_picked":["Outmaneuver","Poisoned Stab","Deflect"],"picked":"Singing Bowl","floor":47.0},{"not_picked":["Eviscerate+1","Blade Dance+1","Terror"],"picked":"Singing Bowl","floor":48.0},{"not_picked":["Heel Hook+1","Leg Sweep+1"],"picked":"Catalyst+1","floor":54.0}],"player_experience":589406,"relics_obtained":[{"floor":6.0,"key":"Anchor"},{"floor":9.0,"key":"Sundial"},{"floor":10.0,"key":"Meat on the Bone"},{"floor":17.0,"key":"Girya"},{"floor":17.0,"key":"Matryoshka"},{"floor":17.0,"key":"Bag of Marbles"},{"floor":24.0,"key":"Omamori"},{"floor":26.0,"key":"Darkstone Periapt"},{"floor":43.0,"key":"Ancient Tea Set"},{"floor":43.0,"key":"Bottled Tornado"},{"floor":54.0,"key":"Centennial Puzzle"}],"event_choices":[{"damage_healed":0.0,"max_hp_gain":0.0,"max_hp_loss":0.0,"gold_gain":0.0,"event_name":"Scrap Ooze","player_choice":"Success","floor":2.0,"gold_loss":0.0,"damage_taken":12.0,"relics_obtained":["Du-Vu Doll"]},{"damage_healed":0.0,"max_hp_gain":0.0,"max_hp_loss":0.0,"gold_gain":0.0,"cards_transformed":["Strike_G"],"event_name":"Transmorgrifier","player_choice":"Transformed","floor":4.0,"gold_loss":0.0,"damage_taken":0.0,"cards_obtained":["Burst"]},{"damage_healed":0.0,"max_hp_gain":0.0,"max_hp_loss":0.0,"gold_gain":180.0,"event_name":"Knowing Skull","player_choice":"GOLD GOLD ","floor":20.0,"potions_obtained":[],"gold_loss":0.0,"damage_taken":19.0,"cards_obtained":[]},{"damage_healed":0.0,"max_hp_gain":0.0,"max_hp_loss":0.0,"gold_gain":0.0,"event_name":"WeMeetAgain","player_choice":"Paid Gold","floor":25.0,"gold_loss":50.0,"damage_taken":0.0,"relics_obtained":["Vajra"]},{"damage_healed":0.0,"max_hp_gain":0.0,"max_hp_loss":0.0,"gold_gain":999.0,"event_name":"MindBloom","player_choice":"Gold","floor":38.0,"gold_loss":0.0,"damage_taken":0.0,"cards_obtained":["Normality","Normality"]},{"damage_healed":0.0,"max_hp_gain":0.0,"max_hp_loss":0.0,"gold_gain":0.0,"event_name":"SensoryStone","player_choice":"Memory 1","floor":39.0,"gold_loss":0.0,"damage_taken":0.0}],"is_beta":false,"boss_relics":[{"not_picked":["SacredBark","Pandora\u0027s Box"],"picked":"Calling Bell"},{"not_picked":["Black Star","Empty Cage"],"picked":"SlaversCollar"}],"items_purged_floors":[5,21,41,53],"is_endless":false,"potions_floor_spawned":[6,8,11,12,19,22,28,30,37,47],"killed_by":"The Heart","ascension_level":0}