{"gold_per_floor":[119,119,41,41,55,55,81,81,128,145,1,1,16,35,35,130,130,141,160,160,160,178,178,194,51,51,51,51,66,156,175,175,175],"floor_reached":33,"playtime":1841,"items_purged":[],"score":247,"play_id":"8cea7d2c-2c1d-4c28-9b3f-5bd8251ace4c","local_time":"20200502174748","is_ascension_mode":false,"campfire_choices":[{"data":"Noxious Fumes","floor":6,"key":"SMITH"},{"floor":8,"key":"REST"},{"data":"Neutralize","floor":12,"key":"SMITH"},{"data":"Backstab","floor":15,"key":"SMITH"},{"data":"Envenom","floor":23,"key":"SMITH"},{"data":"Crippling Poison","floor":28,"key":"SMITH"},{"floor":32,"key":"REST"}],"neow_cost":"NONE","seed_source_timestamp":5036977665956923,"circlet_count":0,"master_deck":["Strike_G","Strike_G","Strike_G","Strike_G","Strike_G","Defend_G","Defend_G","Defend_G","Defend_G","Defend_G","Survivor","Neutralize+1","Finesse","Footwork+1","Leg Sweep","Noxious Fumes+1","Flechettes","Backflip","Backstab+1","Envenom+1","Backstab+1","Blur","Crippling Poison+1","Concentrate+1","Backstab+1"],"relics":["Ring of the Serpent","Boot","Bronze Scales","Omamori","Bag of Marbles","Molten Egg 2","Blue Candle"],"potions_floor_usage":[16,16,18,24,31,33,33],"damage_taken":[{"damage":2,"enemies":"Small Slimes","floor":1,"turns":6},{"damage":0,"enemies":"Jaw Worm","floor":5,"turns":5},{"damage":52,"enemies":"Gremlin Nob","floor":7,"turns":8},{"damage":0,"enemies":"2 Louse","floor":10,"turns":3},{"damage":0,"enemies":"Red Slaver","floor":13,"turns":5},{"damage":0,"enemies":"Exordium Thugs","floor":14,"turns":4},{"damage":20,"enemies":"Slime Boss","floor":16,"turns":10},{"damage":0,"enemies":"3 Byrds","floor":18,"turns":2},{"damage":3,"enemies":"Chosen","floor":19,"turns":4},{"damage":5,"enemies":"Sentry and Sphere","floor":22,"turns":7},{"damage":8,"enemies":"Snecko","floor":24,"turns":7},{"damage":6,"enemies":"Centurion and Healer","floor":29,"turns":6},{"damage":11,"enemies":"Shelled Parasite and Fungi","floor":31,"turns":7},{"damage":46,"enemies":"Collector","floor":33,"turns":7}],"seed_played":"4075309377157396511","potions_obtained":[{"floor":7,"key":"Weak Potion"},{"floor":13,"key":"Ancient Potion"},{"floor":14,"key":"SneckoOil"},{"floor":16,"key":"DuplicationPotion"},{"floor":18,"key":"Dexterity Potion"},{"floor":22,"key":"Explosive Potion"},{"floor":29,"key":"SteroidPotion"}],"is_trial":false,"path_per_floor":["M","?","$","?","M","R","E","R","T","M","$","R","M","M","R","B",null,"M","M","?","?","M","R","M","$","T","T","R","M","?","M","R","B"],"character_chosen":"THE_SILENT","items_purchased":["Leg Sweep","Omamori","Bag of Marbles"],"campfire_rested":2,"item_purchase_floors":[3,11,25],"current_hp_per_floor":[68,68,68,68,68,68,16,37,37,37,37,37,37,37,37,17,70,70,67,54,54,49,49,41,41,41,41,41,35,23,12,34,0],"gold":175,"neow_bonus":"RANDOM_COLORLESS","is_prod":false,"is_daily":false,"chose_seed":false,"campfire_upgraded":5,"win_rate":0,"timestamp":1588470468,"path_taken":["M","?","$","?","M","R","E","R","T","M","$","R","M","M","R","BOSS","M","M","?","?","?","R","M","$","T","?","R","M","?","M","R","BOSS"],"build_version":"2020-01-27","purchased_purges":0,"victory":false,"max_hp_per_floor":[70,70,70,70,70,70,70,70,70,70,70,70,70,70,70,70,70,70,70,75,75,75,75,75,75,75,75,75,75,75,75,75,75],"card_choices":[{"not_picked":["Swift Strike","Flash of Steel"],"picked":"Finesse","floor":0},{"not_picked":["Dagger Spray","PiercingWail"],"picked":"Footwork","floor":1},{"not_picked":["Predator","Quick Slash"],"picked":"Noxious Fumes","floor":5},{"not_picked":["Wraith Form v2","Prepared"],"picked":"Flechettes","floor":7},{"not_picked":["Outmaneuver","Dagger Spray"],"picked":"Backflip","floor":10},{"not_picked":["Concentrate","Accuracy"],"picked":"Backstab","floor":13},{"not_picked":["Cloak And Dagger","Sucker Punch","Dodge and Roll"],"picked":"SKIP","floor":14},{"not_picked":["Doppelganger","A Thousand Cuts"],"picked":"Envenom","floor":16},{"not_picked":["Acrobatics","Prepared","Dagger Throw+1"],"picked":"SKIP","floor":18},{"not_picked":["Setup","Slice","Dagger Throw"],"picked":"SKIP","floor":19},{"not_picked":["Riddle With Holes+1","Dagger Throw"],"picked":"Blur","floor":22},{"not_picked":["Catalyst","PiercingWail"],"picked":"Crippling Poison","floor":24},{"not_picked":["Acrobatics","Backflip"],"picked":"Concentrate+1","floor":29},{"not_picked":["Adrenaline","Slice+1"],"picked":"Backstab+1","floor":31}],"player_experience":606877,"relics_obtained":[{"floor":7,"key":"Boot"},{"floor":9,"key":"Bronze Scales"},{"floor":26,"key":"Molten Egg 2"},{"floor":27,"key":"Blue Candle"}],"event_choices":[{"damage_healed":0,"gold_gain":0,"player_choice":"Grow","damage_taken":0,"max_hp_gain":0,"max_hp_loss":0,"event_name":"Living Wall","floor":2,"gold_loss":0,"cards_upgraded":["Footwork"]},{"damage_healed":0,"gold_gain":0,"player_choice":"Leave","damage_taken":0,"max_hp_gain":0,"max_hp_loss":0,"event_name":"The Cleric","floor":4,"gold_loss":0},{"damage_healed":0,"gold_gain":0,"player_choice":"Shed Blood","damage_taken":18,"max_hp_gain":5,"max_hp_loss":0,"event_name":"Forgotten Altar","floor":20,"gold_loss":0},{"damage_healed":0,"gold_gain":0,"player_choice":"Copied","damage_taken":0,"max_hp_gain":0,"max_hp_loss":0,"event_name":"Duplicator","floor":21,"gold_loss":0,"cards_obtained":["Backstab"]},{"damage_healed":0,"gold_gain":90,"player_choice":"GOLD ","damage_taken":12,"max_hp_gain":0,"max_hp_loss":0,"event_name":"Knowing Skull","floor":30,"potions_obtained":[],"gold_loss":0,"cards_obtained":[]}],"is_beta":false,"boss_relics":[{"not_picked":["Ectoplasm","Philosopher\u0027s Stone"],"picked":"Ring of the Serpent"}],"items_purged_floors":[],"is_endless":false,"potions_floor_spawned":[7,13,14,16,18,22,29],"killed_by":"Collector","ascension_level":0}