{"gold_per_floor":[112,112,132,145,161,191,205,91,117,135,135,135,151,51,51,155,155,175,175,175,105,125,152,152,177,204,204,220,220,254,274,274,378,378,398,398,398,398,412,412,412,429,429,429,459,459,59,59],"floor_reached":48,"playtime":4720,"items_purged":["Pain","Defend_G","Strike_G"],"score":573,"play_id":"d6da216d-60e2-4727-8b7c-399508ba8991","local_time":"20200507145600","is_ascension_mode":false,"campfire_choices":[{"data":"Calculated Gamble","floor":11.0,"key":"SMITH"},{"data":"Eviscerate","floor":15.0,"key":"SMITH"},{"floor":24.0,"key":"REST"},{"floor":27.0,"key":"REST"},{"floor":32.0,"key":"REST"},{"data":"Envenom","floor":40.0,"key":"SMITH"},{"data":"Neutralize","floor":44.0,"key":"SMITH"},{"floor":46.0,"key":"RECALL"}],"neow_cost":"NONE","seed_source_timestamp":5454966159897435,"circlet_count":0,"master_deck":["Strike_G","Strike_G","Defend_G","Defend_G+1","Defend_G","Defend_G","Survivor","Neutralize+1","Underhanded Strike","Prepared","Reflex","Calculated Gamble+1","Eviscerate+1","Footwork","Riddle With Holes","Dodge and Roll","Envenom+1","Quick Slash","Blur","Footwork+1","Terror+1","Sucker Punch","Underhanded Strike","Backflip","Calculated Gamble+1","All Out Attack+1","Sucker Punch"],"special_seed":0,"relics":["Ring of the Snake","WarpedTongs","Omamori","Tiny Chest","HoveringKite","Lantern","Regal Pillow","Toy Ornithopter","Calling Bell","Snake Skull","Pear","Torii","War Paint","Blue Candle","TungstenRod","Bottled Lightning"],"potions_floor_usage":[],"damage_taken":[{"damage":0.0,"enemies":"2 Louse","floor":1.0,"turns":3.0},{"damage":5.0,"enemies":"Cultist","floor":3.0,"turns":4.0},{"damage":4.0,"enemies":"Jaw Worm","floor":4.0,"turns":5.0},{"damage":7.0,"enemies":"2 Fungi Beasts","floor":5.0,"turns":5.0},{"damage":19.0,"enemies":"3 Sentries","floor":6.0,"turns":16.0},{"damage":6.0,"enemies":"Large Slime","floor":7.0,"turns":6.0},{"damage":0.0,"enemies":"3 Louse","floor":10.0,"turns":3.0},{"damage":2.0,"enemies":"Red Slaver","floor":13.0,"turns":2.0},{"damage":0.0,"enemies":"Slime Boss","floor":16.0,"turns":6.0},{"damage":2.0,"enemies":"Chosen","floor":18.0,"turns":6.0},{"damage":17.0,"enemies":"Spheric Guardian","floor":22.0,"turns":6.0},{"damage":39.0,"enemies":"Slavers","floor":23.0,"turns":14.0},{"damage":5.0,"enemies":"Centurion and Healer","floor":28.0,"turns":10.0},{"damage":28.0,"enemies":"Gremlin Leader","floor":30.0,"turns":8.0},{"damage":14.0,"enemies":"Sentry and Sphere","floor":31.0,"turns":10.0},{"damage":27.0,"enemies":"Automaton","floor":33.0,"turns":12.0},{"damage":33.0,"enemies":"3 Darklings","floor":35.0,"turns":12.0},{"damage":8.0,"enemies":"Orb Walker","floor":39.0,"turns":5.0},{"damage":0.0,"enemies":"3 Darklings","floor":42.0,"turns":6.0},{"damage":24.0,"enemies":"Nemesis","floor":45.0,"turns":9.0}],"seed_played":"2842017647246354152","potions_obtained":[{"floor":1.0,"key":"Fruit Juice"},{"floor":6.0,"key":"FearPotion"},{"floor":7.0,"key":"Swift Potion"},{"floor":10.0,"key":"AttackPotion"},{"floor":13.0,"key":"Explosive Potion"},{"floor":23.0,"key":"LiquidMemories"},{"floor":31.0,"key":"DistilledChaos"},{"floor":41.0,"key":"GhostInAJar"},{"floor":41.0,"key":"EssenceOfSteel"},{"floor":41.0,"key":"FearPotion"},{"floor":45.0,"key":"Weak Potion"}],"is_trial":false,"path_per_floor":["M","?","M","M","M","E","M","$","T","M","R","?","M","$","R","B",null,"M","?","?","$","M","E","R","T","T","R","M","?","E","M","R","B",null,"M","?","?","T","M","R","?","M","T","R","E","R","$","M"],"character_chosen":"THE_SILENT","items_purchased":["Riddle With Holes","Blur","Bottled Lightning","Sucker Punch"],"campfire_rested":3,"item_purchase_floors":[8,21,47,47],"current_hp_per_floor":[75,75,70,66,59,40,34,34,34,34,34,27,25,25,25,25,75,73,73,59,59,42,3,27,27,27,66,61,61,33,19,58,36,90,57,57,57,57,49,49,49,59,59,59,35,35,35,0],"gold":59,"neow_bonus":"TRANSFORM_CARD","is_prod":false,"is_daily":false,"chose_seed":false,"campfire_upgraded":4,"win_rate":0,"timestamp":1588834560,"path_taken":["M","?","?","M","M","E","M","?","T","M","R","?","M","$","R","BOSS","M","?","?","$","M","E","R","?","T","R","M","?","E","M","R","BOSS","M","?","?","?","M","R","?","?","T","R","E","R","$","M"],"build_version":"2020-01-27","purchased_purges":3,"victory":false,"max_hp_per_floor":[75,75,75,75,75,75,75,75,75,75,75,75,75,75,75,75,75,75,75,80,80,80,80,80,80,80,80,80,80,80,80,80,80,90,90,90,90,90,90,90,90,90,90,90,90,90,90,90],"card_choices":[{"not_picked":["Riddle With Holes","Well Laid Plans"],"picked":"Prepared","floor":1.0},{"not_picked":["Dagger Throw","Sucker Punch","Dodge and Roll"],"picked":"SKIP","floor":3.0},{"not_picked":["Poisoned Stab","Blade Dance"],"picked":"Reflex","floor":4.0},{"not_picked":["Masterful Stab","Underhanded Strike"],"picked":"Calculated Gamble","floor":5.0},{"not_picked":["Sucker Punch","Phantasmal Killer"],"picked":"Eviscerate","floor":6.0},{"not_picked":["Outmaneuver","Expertise"],"picked":"Footwork","floor":7.0},{"not_picked":["Cloak And Dagger","Flying Knee","PiercingWail"],"picked":"SKIP","floor":10.0},{"not_picked":["PiercingWail","Dash"],"picked":"Dodge and Roll","floor":13.0},{"not_picked":["Night Terror","A Thousand Cuts"],"picked":"Envenom","floor":16.0},{"not_picked":["Deadly Poison","Poisoned Stab"],"picked":"Quick Slash","floor":18.0},{"not_picked":["Blade Dance+1","Well Laid Plans","Slice"],"picked":"SKIP","floor":22.0},{"not_picked":["Expertise+1","PiercingWail"],"picked":"Footwork+1","floor":23.0},{"not_picked":["Acrobatics","Endless Agony","Poisoned Stab"],"picked":"SKIP","floor":28.0},{"not_picked":["Glass Knife","Deflect+1"],"picked":"Sucker Punch","floor":30.0},{"not_picked":["Acrobatics","Infinite Blades+1"],"picked":"Underhanded Strike","floor":31.0},{"not_picked":["A Thousand Cuts","Wraith Form v2"],"picked":"Storm of Steel","floor":33.0},{"not_picked":["Flying Knee","Bane+1","Cloak And Dagger"],"picked":"SKIP","floor":35.0},{"not_picked":["Dodge and Roll+1","Prepared+1"],"picked":"Calculated Gamble+1","floor":39.0},{"not_picked":["Accuracy","Well Laid Plans+1"],"picked":"All Out Attack+1","floor":42.0},{"not_picked":["Accuracy+1","Caltrops","Footwork"],"picked":"SKIP","floor":45.0}],"player_experience":635745,"relics_obtained":[{"floor":6.0,"key":"Omamori"},{"floor":9.0,"key":"Tiny Chest"},{"floor":23.0,"key":"Lantern"},{"floor":25.0,"key":"Regal Pillow"},{"floor":30.0,"key":"Toy Ornithopter"},{"floor":34.0,"key":"Snake Skull"},{"floor":34.0,"key":"Pear"},{"floor":34.0,"key":"Torii"},{"floor":38.0,"key":"War Paint"},{"floor":43.0,"key":"Blue Candle"},{"floor":45.0,"key":"TungstenRod"}],"event_choices":[{"damage_healed":0.0,"max_hp_gain":0.0,"max_hp_loss":0.0,"gold_gain":0.0,"event_name":"Accursed Blacksmith","player_choice":"Rummage","floor":2.0,"gold_loss":0.0,"damage_taken":0.0,"relics_obtained":["WarpedTongs"],"cards_obtained":["Pain"]},{"cards_removed":["Strike_G"],"damage_healed":0.0,"max_hp_gain":0.0,"max_hp_loss":0.0,"gold_gain":0.0,"event_name":"Golden Wing","player_choice":"Card Removal","floor":12.0,"gold_loss":0.0,"damage_taken":7.0},{"damage_healed":0.0,"max_hp_gain":0.0,"max_hp_loss":0.0,"gold_gain":0.0,"event_name":"Ghosts","player_choice":"Ignored","floor":19.0,"gold_loss":0.0,"damage_taken":0.0},{"damage_healed":0.0,"max_hp_gain":5.0,"max_hp_loss":0.0,"gold_gain":0.0,"event_name":"Forgotten Altar","player_choice":"Shed Blood","floor":20.0,"gold_loss":0.0,"damage_taken":19.0},{"damage_healed":0.0,"max_hp_gain":0.0,"max_hp_loss":0.0,"gold_gain":0.0,"event_name":"The Library","player_choice":"Read","floor":29.0,"gold_loss":0.0,"damage_taken":0.0,"cards_obtained":["Terror"]},{"damage_healed":0.0,"max_hp_gain":0.0,"max_hp_loss":0.0,"gold_gain":0.0,"event_name":"Tomb of Lord Red Mask","player_choice":"Ignored","floor":36.0,"gold_loss":0.0,"damage_taken":0.0},{"damage_healed":0.0,"max_hp_gain":0.0,"max_hp_loss":0.0,"gold_gain":0.0,"cards_transformed":["Storm of Steel"],"event_name":"Transmorgrifier","player_choice":"Transformed","floor":37.0,"gold_loss":0.0,"damage_taken":0.0,"cards_obtained":["Backflip"]},{"damage_healed":0.0,"max_hp_gain":0.0,"max_hp_loss":0.0,"gold_gain":0.0,"event_name":"Lab","player_choice":"Got Potions","floor":41.0,"gold_loss":0.0,"damage_taken":0.0}],"is_beta":false,"boss_relics":[{"not_picked":["Runic Dome","Ring of the Serpent"],"picked":"HoveringKite"},{"not_picked":["Tiny House","Fusion Hammer"],"picked":"Calling Bell"}],"items_purged_floors":[8,14,47],"is_endless":false,"potions_floor_spawned":[1,6,7,10,13,23,31,45],"killed_by":"Sphere and 2 Shapes","ascension_level":0}