{"gold_per_floor":[117,117,42,60,75,75,0,33,72,84,114,126,166,253,265,382,444,468,480,492,136,116,143,68,68,120,120,130,149,149,24,24,24,24,34,50,68,18,38,38,51,66,66,84,36,36,36,36,36,36],"floor_reached":50,"playtime":3436,"items_purged":["Writhe","Strike_G"],"score":468,"play_id":"653e6501-a5f0-49ee-a669-4566272fb33a","local_time":"20200505192259","is_ascension_mode":false,"campfire_choices":[{"data":"Well Laid Plans","floor":6.0,"key":"SMITH"},{"data":"Corpse Explosion","floor":10.0,"key":"SMITH"},{"data":"Bouncing Flask","floor":15.0,"key":"SMITH"},{"data":"Noxious Fumes","floor":25.0,"key":"SMITH"},{"data":"Backflip","floor":27.0,"key":"SMITH"},{"data":"PiercingWail","floor":30.0,"key":"SMITH"},{"data":"Sucker Punch","floor":32.0,"key":"SMITH"},{"floor":40.0,"key":"RECALL"},{"data":"Bullet Time","floor":49,"key":"SMITH"}],"neow_cost":"NONE","seed_source_timestamp":5299588266246974,"circlet_count":0,"master_deck":["Survivor","Neutralize+1","Dodge and Roll+1","Well Laid Plans+1","Corpse Explosion+1","Backstab+1","Bouncing Flask+1","Glass Knife","PiercingWail+1","Noxious Fumes+1","Backflip+1","Sucker Punch+1","Die Die Die","Masterful Stab","Night Terror","Sucker Punch","Bullet Time+1","Dodge and Roll","Tactician","Dodge and Roll","Deadly Poison","Deflect+1","Backflip+1","Madness","Madness"],"special_seed":0,"relics":["Ring of the Snake","MawBank","Juzu Bracelet","The Specimen","Tiny House","MealTicket","ClockworkSouvenir","Darkstone Periapt","Lantern","Pandora\u0027s Box"],"potions_floor_usage":[50],"damage_taken":[{"damage":0.0,"enemies":"2 Louse","floor":1.0,"turns":3.0},{"damage":1.0,"enemies":"Small Slimes","floor":4.0,"turns":5.0},{"damage":3.0,"enemies":"Jaw Worm","floor":5.0,"turns":4.0},{"damage":40.0,"enemies":"Gremlin Nob","floor":8.0,"turns":7.0},{"damage":1.0,"enemies":"2 Fungi Beasts","floor":11.0,"turns":4.0},{"damage":13.0,"enemies":"3 Sentries","floor":13.0,"turns":6.0},{"damage":10.0,"enemies":"The Guardian","floor":16.0,"turns":8.0},{"damage":5.0,"enemies":"3 Byrds","floor":18.0,"turns":3.0},{"damage":47.0,"enemies":"Book of Stabbing","floor":23.0,"turns":7.0},{"damage":0.0,"enemies":"Shell Parasite","floor":28.0,"turns":5.0},{"damage":0.0,"enemies":"Centurion and Healer","floor":29.0,"turns":5.0},{"damage":41.0,"enemies":"Collector","floor":33.0,"turns":7.0},{"damage":0.0,"enemies":"Orb Walker","floor":35.0,"turns":2.0},{"damage":3.0,"enemies":"3 Darklings","floor":36.0,"turns":3.0},{"damage":28.0,"enemies":"Spire Growth","floor":37.0,"turns":5.0},{"damage":3.0,"enemies":"Sphere and 2 Shapes","floor":39.0,"turns":3.0},{"damage":5.0,"enemies":"Jaw Worm Horde","floor":41.0,"turns":3.0},{"damage":12.0,"enemies":"3 Darklings","floor":42.0,"turns":3.0},{"damage":37,"enemies":"Spire Growth","floor":44,"turns":5},{"damage":101,"enemies":"Time Eater","floor":50,"turns":12}],"seed_played":"9112624973117913287","potions_obtained":[{"floor":4.0,"key":"GamblersBrew"},{"floor":8.0,"key":"GamblersBrew"},{"floor":11.0,"key":"Fire Potion"},{"floor":17.0,"key":"SneckoOil"},{"floor":22.0,"key":"LiquidBronze"},{"floor":28.0,"key":"AttackPotion"},{"floor":29.0,"key":"GamblersBrew"},{"floor":35.0,"key":"PowerPotion"},{"floor":39.0,"key":"Energy Potion"},{"floor":44,"key":"FairyPotion"}],"is_trial":false,"path_per_floor":["M","?","$","M","M","R","$","E","T","R","M","?","E","?","R","B",null,"M","?","?","$","?","E","?","R","T","R","M","M","R","$","R","B",null,"M","M","M","$","M","R","M","M","T","M","$","?","?","$","R","B"],"character_chosen":"THE_SILENT","items_purchased":["Well Laid Plans","Regen Potion","Noxious Fumes","CultistPotion","ClockworkSouvenir","Sucker Punch","Block Potion","Block Potion"],"campfire_rested":0,"item_purchase_floors":[3,7,21,21,21,31,38,45],"current_hp_per_floor":[70,70,70,69,66,66,66,40,40,40,39,62,49,38,38,28,75,70,70,70,75,75,28,28,28,28,28,28,28,28,43,43,2,75,75,72,44,59,56,56,51,39,39,2,17,66,58,66,66,0],"gold":36,"neow_bonus":"UPGRADE_CARD","is_prod":false,"is_daily":false,"chose_seed":false,"campfire_upgraded":8,"win_rate":0,"timestamp":1588677779,"path_taken":["M","?","$","M","M","R","$","E","T","R","M","?","E","?","R","BOSS","M","?","?","?","?","E","?","R","T","R","M","M","R","$","R","BOSS","M","M","M","$","M","R","M","M","T","M","$","?","?","$","R","BOSS"],"build_version":"2020-01-27","purchased_purges":2,"victory":false,"max_hp_per_floor":[70,70,70,70,70,70,70,70,70,70,70,70,70,70,70,70,75,75,75,75,75,75,75,75,75,75,75,75,75,75,75,75,75,75,75,75,75,75,75,75,75,75,75,75,75,66,66,66,66,66],"card_choices":[{"not_picked":["Cloak And Dagger","Blade Dance"],"picked":"Dodge and Roll","floor":1.0},{"not_picked":["Flying Knee","Bane","Tactician"],"picked":"SKIP","floor":4.0},{"not_picked":["Deflect","Distraction","Flying Knee"],"picked":"SKIP","floor":5.0},{"not_picked":["Cloak And Dagger","Dagger Spray"],"picked":"Corpse Explosion","floor":8.0},{"not_picked":["Quick Slash","Bane"],"picked":"Backstab","floor":11.0},{"not_picked":["Prepared","Blade Dance"],"picked":"Bouncing Flask","floor":13.0},{"not_picked":["Adrenaline","A Thousand Cuts"],"picked":"Glass Knife","floor":16.0},{"not_picked":["Deadly Poison","Accuracy"],"picked":"PiercingWail","floor":17.0},{"not_picked":["Tactician+1","Well Laid Plans+1","Poisoned Stab+1"],"picked":"SKIP","floor":18.0},{"not_picked":["Dodge and Roll","After Image"],"picked":"Backflip","floor":23.0},{"not_picked":["Predator+1","Quick Slash","Backflip"],"picked":"SKIP","floor":28.0},{"not_picked":["Well Laid Plans","Cloak And Dagger","Backstab"],"picked":"SKIP","floor":29.0},{"not_picked":["After Image","A Thousand Cuts"],"picked":"Die Die Die","floor":33.0},{"not_picked":["Quick Slash+1","Outmaneuver+1","Setup+1"],"picked":"SKIP","floor":35.0},{"not_picked":["Caltrops+1","Sucker Punch+1","Flying Knee+1"],"picked":"SKIP","floor":36.0},{"not_picked":["Poisoned Stab+1","Deflect","Tactician+1"],"picked":"SKIP","floor":37.0},{"not_picked":["After Image","Cloak And Dagger"],"picked":"Deflect+1","floor":39.0},{"not_picked":["Sucker Punch+1","PiercingWail"],"picked":"Backflip+1","floor":41.0},{"not_picked":["Underhanded Strike","Quick Slash+1","Deadly Poison"],"picked":"SKIP","floor":42.0},{"not_picked":["Heel Hook+1","Choke+1","Backflip+1"],"picked":"SKIP","floor":44}],"player_experience":630682,"relics_obtained":[{"floor":8.0,"key":"MawBank"},{"floor":9.0,"key":"Juzu Bracelet"},{"floor":13.0,"key":"The Specimen"},{"floor":23.0,"key":"Darkstone Periapt"},{"floor":26.0,"key":"Lantern"}],"event_choices":[{"damage_healed":0.0,"max_hp_gain":0.0,"max_hp_loss":0.0,"gold_gain":0.0,"event_name":"Living Wall","player_choice":"Grow","floor":2.0,"gold_loss":0.0,"damage_taken":0.0,"cards_upgraded":["Dodge and Roll"]},{"damage_healed":23.0,"max_hp_gain":0.0,"max_hp_loss":0.0,"gold_gain":0.0,"event_name":"Big Fish","player_choice":"Banana","floor":12.0,"gold_loss":0.0,"damage_taken":0.0},{"damage_healed":0.0,"max_hp_gain":0.0,"max_hp_loss":0.0,"gold_gain":75.0,"event_name":"World of Goop","player_choice":"Gather Gold","floor":14.0,"gold_loss":0.0,"damage_taken":11.0},{"damage_healed":0.0,"max_hp_gain":0.0,"max_hp_loss":0.0,"gold_gain":0.0,"event_name":"The Mausoleum","player_choice":"Opened","floor":19.0,"gold_loss":0.0,"damage_taken":0.0,"relics_obtained":["MealTicket"],"cards_obtained":["Writhe"]},{"damage_healed":0.0,"max_hp_gain":0.0,"max_hp_loss":0.0,"gold_gain":0.0,"event_name":"Ghosts","player_choice":"Ignored","floor":20.0,"gold_loss":0.0,"damage_taken":0.0},{"damage_healed":0.0,"max_hp_gain":0.0,"max_hp_loss":0.0,"gold_gain":0.0,"event_name":"The Woman in Blue","player_choice":"Bought 1 Potion","floor":22.0,"gold_loss":0.0,"damage_taken":0.0},{"cards_removed":["Strike_G"],"damage_healed":0.0,"max_hp_gain":0.0,"max_hp_loss":0.0,"gold_gain":0.0,"event_name":"Beggar","player_choice":"Gave Gold","floor":24.0,"gold_loss":75.0,"damage_taken":0.0},{"damage_healed":66,"gold_gain":0,"player_choice":"Heal","damage_taken":0,"max_hp_gain":0,"max_hp_loss":9,"event_name":"The Moai Head","floor":46,"gold_loss":0},{"damage_healed":0,"gold_gain":0,"player_choice":"Embrace Madness","damage_taken":8,"max_hp_gain":0,"max_hp_loss":0,"event_name":"Winding Halls","floor":47,"gold_loss":0,"cards_obtained":["Madness","Madness"]}],"is_beta":false,"boss_relics":[{"not_picked":["Coffee Dripper","Fusion Hammer"],"picked":"Tiny House"},{"not_picked":["WristBlade","Runic Pyramid"],"picked":"Pandora\u0027s Box"}],"items_purged_floors":[21,31],"is_endless":false,"potions_floor_spawned":[4,8,11,28,29,35,39,44],"killed_by":"Time Eater","ascension_level":0}