{"gold_per_floor":[118,43,43,43,60,85,85,85,133,133,148,148,188,203,203,203],"floor_reached":16,"playtime":3969,"items_purged":["Strike_G"],"score":108,"play_id":"1c08c1b3-b862-4a56-b201-82589059c15f","local_time":"20200503222416","is_ascension_mode":false,"campfire_choices":[{"data":"Neutralize","floor":7.0,"key":"SMITH"},{"floor":12.0,"key":"REST"},{"floor":15.0,"key":"REST"}],"neow_cost":"NONE","seed_source_timestamp":5137640746104205,"circlet_count":0,"master_deck":["Strike_G","Strike_G","Strike_G","Defend_G","Defend_G","Defend_G","Defend_G","Defend_G","Survivor","Neutralize+1","Unload","Backflip","Strike_G","Calculated Gamble","Leg Sweep","Infinite Blades","Wraith Form v2"],"special_seed":0,"relics":["Ring of the Snake","Du-Vu Doll","Golden Idol","Thread and Needle"],"potions_floor_usage":[16,16],"damage_taken":[{"damage":2.0,"enemies":"Jaw Worm","floor":1.0,"turns":4.0},{"damage":1.0,"enemies":"Cultist","floor":5.0,"turns":3.0},{"damage":45.0,"enemies":"Gremlin Nob","floor":6.0,"turns":6.0},{"damage":0.0,"enemies":"Small Slimes","floor":11.0,"turns":3.0},{"damage":30.0,"enemies":"3 Sentries","floor":13.0,"turns":11.0},{"damage":0.0,"enemies":"2 Fungi Beasts","floor":14.0,"turns":3.0},{"damage":37,"enemies":"Slime Boss","floor":16,"turns":16}],"seed_played":"7579363723723029890","potions_obtained":[{"floor":6.0,"key":"Strength Potion"},{"floor":11.0,"key":"Dexterity Potion"},{"floor":14.0,"key":"Energy Potion"}],"is_trial":false,"path_per_floor":["M","$","?","?","M","E","R","?","T","?","M","R","E","M","R","B"],"character_chosen":"THE_SILENT","items_purchased":[],"campfire_rested":2,"item_purchase_floors":[],"current_hp_per_floor":[68,68,73,73,72,27,27,27,27,27,27,47,17,17,37,0],"gold":203,"neow_bonus":"ONE_RANDOM_RARE_CARD","is_prod":false,"is_daily":false,"chose_seed":false,"campfire_upgraded":1,"win_rate":0,"timestamp":1588515856,"path_taken":["M","$","?","?","?","E","R","?","T","?","M","R","E","M","R","BOSS"],"build_version":"2020-01-27","purchased_purges":1,"victory":false,"max_hp_per_floor":[70,70,75,75,75,75,75,75,75,69,69,69,69,69,69,69],"card_choices":[{"not_picked":["PiercingWail","Dash"],"picked":"Backflip","floor":1.0},{"not_picked":["Heel Hook","Slice","Acrobatics"],"picked":"SKIP","floor":5.0},{"not_picked":["Malaise","Flying Knee"],"picked":"Calculated Gamble","floor":6.0},{"not_picked":["Backstab","Outmaneuver"],"picked":"Leg Sweep","floor":11.0},{"not_picked":["Quick Slash","Bane"],"picked":"Infinite Blades","floor":13.0},{"not_picked":["Bane","Masterful Stab"],"picked":"Wraith Form v2","floor":14.0}],"player_experience":619181,"relics_obtained":[{"floor":6.0,"key":"Du-Vu Doll"},{"floor":13.0,"key":"Thread and Needle"}],"event_choices":[{"damage_healed":0.0,"max_hp_gain":5.0,"max_hp_loss":0.0,"gold_gain":0.0,"event_name":"Big Fish","player_choice":"Donut","floor":3.0,"gold_loss":0.0,"damage_taken":0.0},{"cards_removed":["Strike_G"],"damage_healed":0.0,"max_hp_gain":0.0,"max_hp_loss":0.0,"gold_gain":0.0,"event_name":"NoteForYourself","player_choice":"Took Card","floor":4.0,"gold_loss":0.0,"damage_taken":0.0,"cards_obtained":["Strike_G"]},{"damage_healed":0.0,"max_hp_gain":0.0,"max_hp_loss":0.0,"gold_gain":0.0,"event_name":"Liars Game","player_choice":"Ignored","floor":8.0,"gold_loss":0.0,"damage_taken":0.0},{"damage_healed":0.0,"max_hp_gain":0.0,"max_hp_loss":6.0,"gold_gain":0.0,"event_name":"Golden Idol","player_choice":"Lose Max HP","floor":10.0,"gold_loss":0.0,"damage_taken":0.0,"relics_obtained":["Golden Idol"]}],"is_beta":false,"boss_relics":[],"items_purged_floors":[2],"is_endless":false,"potions_floor_spawned":[6,11,14],"killed_by":"Slime Boss","ascension_level":0}