{"gold_per_floor":[112,128,147,161,4,30,30,42,42,42,52,52,65,65,65,193,193,206,70,70,70,89,89],"floor_reached":23,"playtime":1242,"items_purged":["Strike_G","Strike_G"],"score":193,"play_id":"4c5d1fbc-49c5-4e35-aeb8-04d1a29e9896","local_time":"20200502170335","is_ascension_mode":false,"campfire_choices":[{"data":"Neutralize","floor":7.0,"key":"SMITH"},{"data":"Bouncing Flask","floor":10.0,"key":"SMITH"},{"floor":15.0,"key":"REST"}],"neow_cost":"NONE","seed_source_timestamp":0,"circlet_count":0,"master_deck":["Strike_G","Strike_G","Defend_G","Defend_G","Defend_G","Defend_G","Defend_G","Survivor","Neutralize+1","Calculated Gamble","Heel Hook","Sucker Punch","Bandage Up","Bouncing Flask+1","Well Laid Plans","Backstab","Caltrops","Malaise","Catalyst","Footwork","Necronomicurse","Bane"],"special_seed":0,"relics":["Ring of the Serpent","Dream Catcher","Bronze Scales","Golden Idol","Necronomicon"],"potions_floor_usage":[],"damage_taken":[{"damage":3.0,"enemies":"Cultist","floor":1.0,"turns":5.0},{"damage":2.0,"enemies":"Small Slimes","floor":2.0,"turns":3.0},{"damage":0.0,"enemies":"2 Louse","floor":3.0,"turns":2.0},{"damage":0.0,"enemies":"2 Fungi Beasts","floor":4.0,"turns":4.0},{"damage":27.0,"enemies":"3 Sentries","floor":6.0,"turns":8.0},{"damage":1.0,"enemies":"Blue Slaver","floor":8.0,"turns":4.0},{"damage":6.0,"enemies":"Lots of Slimes","floor":11.0,"turns":4.0},{"damage":0.0,"enemies":"Looter","floor":13.0,"turns":4.0},{"damage":16.0,"enemies":"Hexaghost","floor":16.0,"turns":8.0},{"damage":18.0,"enemies":"Spheric Guardian","floor":18.0,"turns":5.0},{"damage":0.0,"enemies":"Chosen","floor":22.0,"turns":4.0},{"damage":0,"enemies":"Book of Stabbing","floor":23,"turns":1}],"seed_played":"3284495553539612646","potions_obtained":[{"floor":1.0,"key":"Swift Potion"},{"floor":2.0,"key":"LiquidBronze"},{"floor":4.0,"key":"LiquidBronze"},{"floor":18.0,"key":"Poison Potion"}],"is_trial":false,"path_per_floor":["M","M","M","M","$","E","R","M","T","R","M","?","M","?","R","B",null,"M","$","?","?","M","E"],"character_chosen":"THE_SILENT","items_purchased":["Bandage Up","Footwork"],"campfire_rested":1,"item_purchase_floors":[5,19],"current_hp_per_floor":[67,65,65,65,65,42,42,45,45,45,43,36,40,23,44,32,70,52,52,36,24,28,28],"gold":89,"neow_bonus":"THREE_CARDS","is_prod":false,"is_daily":false,"chose_seed":false,"campfire_upgraded":2,"win_rate":0,"timestamp":1588467815,"path_taken":["M","M","M","M","$","E","R","M","T","R","?","?","M","?","R","BOSS","M","$","?","?","M","E"],"build_version":"2020-01-27","purchased_purges":2,"victory":false,"max_hp_per_floor":[70,70,70,70,70,70,70,70,70,70,70,70,70,70,70,70,70,70,70,70,70,70,70],"card_choices":[{"not_picked":["Underhanded Strike","Quick Slash"],"picked":"Calculated Gamble","floor":0.0},{"not_picked":["Bane","PiercingWail"],"picked":"Heel Hook","floor":1.0},{"not_picked":["Underhanded Strike","Acrobatics"],"picked":"Sucker Punch","floor":2.0},{"not_picked":["Predator","Acrobatics","Sucker Punch"],"picked":"SKIP","floor":3.0},{"not_picked":["Predator","Acrobatics","Sucker Punch"],"picked":"SKIP","floor":3.0},{"not_picked":["Calculated Gamble","Prepared","Dagger Spray"],"picked":"SKIP","floor":4.0},{"not_picked":["Tactician","Cloak And Dagger","Underhanded Strike"],"picked":"SKIP","floor":6.0},{"not_picked":["Underhanded Strike","Flying Knee"],"picked":"Bouncing Flask","floor":8.0},{"not_picked":["Setup","Skewer"],"picked":"Well Laid Plans","floor":11.0},{"not_picked":["Accuracy","After Image"],"picked":"Backstab","floor":13.0},{"not_picked":["Prepared","Bane"],"picked":"Caltrops","floor":15.0},{"not_picked":["Bullet Time","Wraith Form v2"],"picked":"Malaise","floor":16.0},{"not_picked":["Blade Dance","Acrobatics+1"],"picked":"Catalyst","floor":18.0},{"not_picked":["Quick Slash+1","Acrobatics+1"],"picked":"Bane","floor":22.0}],"player_experience":604862,"relics_obtained":[{"floor":6.0,"key":"Dream Catcher"},{"floor":9.0,"key":"Bronze Scales"},{"floor":20.0,"key":"Necronomicon"}],"event_choices":[{"cards_removed":["Strike_G"],"damage_healed":0.0,"max_hp_gain":0.0,"max_hp_loss":0.0,"gold_gain":0.0,"event_name":"Golden Wing","player_choice":"Card Removal","floor":12.0,"gold_loss":0.0,"damage_taken":7.0},{"damage_healed":0.0,"max_hp_gain":0.0,"max_hp_loss":0.0,"gold_gain":0.0,"event_name":"Golden Idol","player_choice":"Take Damage","floor":14.0,"gold_loss":0.0,"damage_taken":17.0,"relics_obtained":["Golden Idol"]},{"damage_healed":0.0,"max_hp_gain":0.0,"max_hp_loss":0.0,"gold_gain":0.0,"event_name":"Cursed Tome","player_choice":"Obtained Book","floor":20.0,"gold_loss":0.0,"damage_taken":16.0},{"damage_healed":0.0,"max_hp_gain":0.0,"max_hp_loss":0.0,"gold_gain":0.0,"event_name":"Knowing Skull","player_choice":"POTION ","floor":21.0,"potions_obtained":["Fire Potion"],"gold_loss":0.0,"damage_taken":12.0,"cards_obtained":[]}],"is_beta":false,"boss_relics":[{"not_picked":["Astrolabe","Runic Pyramid"],"picked":"Ring of the Serpent"}],"items_purged_floors":[5,19],"is_endless":false,"potions_floor_spawned":[1,2,4,18],"killed_by":"Book of Stabbing","ascension_level":0}