{"gold_per_floor":[0,20,20,20,38,38,68,81,128,46,72,87,87,102,102,199,199,215,68,68,58,68,68,68,68,94,104,104,135,135,35,35,35],"floor_reached":33,"playtime":3159,"items_purged":["Strike_G","Defend_G"],"score":275,"play_id":"6e317ba1-5bad-4b7d-ae5c-e901c6165c19","local_time":"20200503231959","is_ascension_mode":false,"campfire_choices":[{"data":"Prepared","floor":6.0,"key":"SMITH"},{"data":"Neutralize","floor":13,"key":"SMITH"},{"data":"Tools of the Trade","floor":15,"key":"SMITH"},{"data":"Glass Knife","floor":23,"key":"SMITH"},{"data":"Predator","floor":25,"key":"SMITH"},{"data":"A Thousand Cuts","floor":28,"key":"SMITH"},{"data":"Terror","floor":32,"key":"SMITH"}],"neow_cost":"NO_GOLD","seed_source_timestamp":5141851560954667,"circlet_count":0,"master_deck":["Strike_G","Strike_G","Strike_G","Defend_G+1","Defend_G","Defend_G","Survivor","Neutralize+1","Terror+1","Terror+1","Prepared+1","Prepared","Backflip","Blur","Tools of the Trade+1","Leg Sweep","A Thousand Cuts+1","Glass Knife+1","Predator+1","Acrobatics","Corpse Explosion"],"special_seed":0,"relics":["Ring of the Snake","Meat on the Bone","War Paint","Nunchaku","Velvet Choker","Boot","Bottled Lightning"],"potions_floor_usage":[11,29,33],"damage_taken":[{"damage":0.0,"enemies":"2 Louse","floor":1.0,"turns":4.0},{"damage":0.0,"enemies":"Cultist","floor":2.0,"turns":3.0},{"damage":0.0,"enemies":"Jaw Worm","floor":5.0,"turns":3.0},{"damage":20.0,"enemies":"3 Sentries","floor":7.0,"turns":14.0},{"damage":5.0,"enemies":"3 Louse","floor":8.0,"turns":5.0},{"damage":56,"enemies":"Lagavulin","floor":11,"turns":11},{"damage":5,"enemies":"2 Fungi Beasts","floor":12,"turns":5},{"damage":0,"enemies":"Blue Slaver","floor":14,"turns":5},{"damage":18,"enemies":"The Guardian","floor":16,"turns":23},{"damage":0,"enemies":"Shell Parasite","floor":18,"turns":9},{"damage":6,"enemies":"2 Thieves","floor":21,"turns":4},{"damage":5,"enemies":"Shelled Parasite and Fungi","floor":22,"turns":7},{"damage":11,"enemies":"Snake Plant","floor":27,"turns":4},{"damage":25,"enemies":"Slavers","floor":29,"turns":3},{"damage":6,"enemies":"Colosseum Slavers","floor":30,"turns":3},{"damage":45,"enemies":"Champ","floor":33,"turns":13}],"seed_played":"2035699025393724265","potions_obtained":[{"floor":3.0,"key":"SteroidPotion"},{"floor":3.0,"key":"PowerPotion"},{"floor":3.0,"key":"FairyPotion"},{"floor":5.0,"key":"DistilledChaos"},{"floor":14,"key":"BlessingOfTheForge"},{"floor":16,"key":"Poison Potion"},{"floor":29,"key":"EssenceOfSteel"}],"is_trial":false,"path_per_floor":["M","M","?","$","M","R","E","M","T","$","E","M","R","M","R","B",null,"M","$","?","M","M","R","?","R","T","M","R","E","?","$","R","B"],"character_chosen":"THE_SILENT","items_purchased":["Blur","Glass Knife"],"campfire_rested":0,"item_purchase_floors":[10,19],"current_hp_per_floor":[70,70,70,70,70,70,50,45,45,45,33,40,40,40,40,34,70,70,70,70,64,59,59,46,46,46,47,47,34,40,40,40,0],"gold":35,"neow_bonus":"REMOVE_TWO","is_prod":false,"is_daily":false,"chose_seed":false,"campfire_upgraded":7,"win_rate":0,"timestamp":1588519199,"path_taken":["M","M","?","?","M","R","E","M","T","?","E","M","R","M","R","BOSS","M","$","?","M","M","R","?","R","T","M","R","E","?","?","R","BOSS"],"build_version":"2020-01-27","purchased_purges":2,"victory":false,"max_hp_per_floor":[70,70,70,70,70,70,70,70,70,70,70,70,70,70,70,70,70,70,70,70,70,70,70,75,75,75,75,75,75,75,75,75,75],"card_choices":[{"not_picked":["Bane","Outmaneuver"],"picked":"Terror","floor":1.0},{"not_picked":["Sucker Punch","Crippling Poison"],"picked":"Terror","floor":2.0},{"not_picked":["Sucker Punch","Setup"],"picked":"Prepared","floor":5.0},{"not_picked":["Slice","Dodge and Roll"],"picked":"Prepared","floor":7.0},{"not_picked":["Bane","Outmaneuver"],"picked":"Backflip","floor":8.0},{"not_picked":["Catalyst","Prepared","Deflect"],"picked":"SKIP","floor":11},{"not_picked":["Deadly Poison","Finisher"],"picked":"Tools of the Trade","floor":12},{"not_picked":["Noxious Fumes","Dodge and Roll"],"picked":"Leg Sweep","floor":14},{"not_picked":["Wraith Form v2","Night Terror"],"picked":"A Thousand Cuts","floor":16},{"not_picked":["Blur","Blade Dance+1","Acrobatics"],"picked":"SKIP","floor":18},{"not_picked":["Dodge and Roll+1","Deadly Poison"],"picked":"Acrobatics","floor":21},{"not_picked":["Quick Slash","Deflect+1"],"picked":"Corpse Explosion","floor":22},{"not_picked":["Outmaneuver+1","Heel Hook+1","Cloak And Dagger"],"picked":"SKIP","floor":27},{"not_picked":["Deflect","Bouncing Flask","Terror"],"picked":"SKIP","floor":29}],"player_experience":623150,"relics_obtained":[{"floor":7.0,"key":"Meat on the Bone"},{"floor":9.0,"key":"War Paint"},{"floor":11,"key":"Nunchaku"},{"floor":26,"key":"Boot"},{"floor":29,"key":"Bottled Lightning"}],"event_choices":[{"damage_healed":0.0,"max_hp_gain":0.0,"max_hp_loss":0.0,"gold_gain":0.0,"event_name":"Lab","player_choice":"Got Potions","floor":3.0,"gold_loss":0.0,"damage_taken":0.0},{"damage_healed":0,"gold_gain":0,"player_choice":"Read","damage_taken":0,"max_hp_gain":0,"max_hp_loss":0,"event_name":"The Library","floor":20,"gold_loss":0,"cards_obtained":["Predator"]},{"damage_healed":0,"gold_gain":0,"player_choice":"Shed Blood","damage_taken":18,"max_hp_gain":5,"max_hp_loss":0,"event_name":"Forgotten Altar","floor":24,"gold_loss":0},{"damage_healed":0,"gold_gain":0,"player_choice":"Fight","damage_taken":0,"max_hp_gain":0,"max_hp_loss":0,"event_name":"Colosseum","floor":30,"gold_loss":0},{"damage_healed":0,"gold_gain":0,"player_choice":"Fled From Nobs","damage_taken":0,"max_hp_gain":0,"max_hp_loss":0,"event_name":"Colosseum","floor":30,"gold_loss":0}],"is_beta":false,"boss_relics":[{"not_picked":["Black Star","Philosopher\u0027s Stone"],"picked":"Velvet Choker"}],"items_purged_floors":[19,31],"is_endless":false,"potions_floor_spawned":[5,14,16,29],"killed_by":"Champ","ascension_level":0}