{"gold_per_floor":[115,115,65,82,37,66,66,66,66,92,92,103,103,41,41,143,143,128,140,65,98,98,98,128,144,170,205,220,248,248,263,263,364,364,376,392,402,185,185,185,211,211,211,229,71,71,38,71,71,71,71,71,10,35,35],"floor_reached":56,"playtime":3921,"items_purged":["Strike_G","Strike_G"],"score":1294,"play_id":"d29d38a3-2030-4c04-99c1-f9e8d4b5280f","local_time":"20200501180136","is_ascension_mode":false,"campfire_choices":[{"data":"Noxious Fumes","floor":8.0,"key":"SMITH"},{"floor":11.0,"key":"REST"},{"data":"Bouncing Flask","floor":15.0,"key":"SMITH"},{"floor":23.0,"key":"REST"},{"floor":30.0,"key":"REST"},{"floor":32.0,"key":"RECALL"},{"data":"Crippling Poison","floor":40.0,"key":"SMITH"},{"data":"Envenom","floor":42.0,"key":"SMITH"},{"data":"Wraith Form v2","floor":46.0,"key":"SMITH"},{"data":"Bouncing Flask","floor":49.0,"key":"SMITH"},{"data":"Bouncing Flask","floor":52.0,"key":"SMITH"}],"neow_cost":"NONE","seed_source_timestamp":0,"circlet_count":0,"master_deck":["Defend_G","Defend_G","Defend_G","Defend_G","Survivor","Neutralize+1","Bouncing Flask+1","Prepared","Bane","Noxious Fumes+1","Crippling Poison+1","Envenom+1","Bane+1","Dodge and Roll+1","Well Laid Plans","Bane+1","Bouncing Flask+1","Wraith Form v2+1","Bouncing Flask+1","Escape Plan+1","Blur+1","Deflect+1","Blur+1","Leg Sweep+1","Dodge and Roll+1"],"special_seed":0,"relics":["Ring of the Snake","Anchor","The Courier","White Beast Statue","SlaversCollar","Red Mask","Enchiridion","Snake Skull","Omamori","TungstenRod","Bottled Lightning","Cursed Key","Membership Card","Happy Flower","Nunchaku","Toxic Egg 2","TheAbacus","Pear","ClockworkSouvenir","Letter Opener"],"potions_floor_usage":[55,55,55],"damage_taken":[{"damage":0.0,"enemies":"2 Louse","floor":1.0,"turns":3.0},{"damage":3.0,"enemies":"Jaw Worm","floor":4.0,"turns":3.0},{"damage":24.0,"enemies":"3 Sentries","floor":6.0,"turns":11.0},{"damage":11.0,"enemies":"Lagavulin","floor":10.0,"turns":5.0},{"damage":3.0,"enemies":"Small Slimes","floor":12.0,"turns":3.0},{"damage":23.0,"enemies":"The Guardian","floor":16.0,"turns":10.0},{"damage":1.0,"enemies":"2 Thieves","floor":18.0,"turns":4.0},{"damage":2.0,"enemies":"Chosen","floor":19.0,"turns":4.0},{"damage":35.0,"enemies":"Masked Bandits","floor":21.0,"turns":5.0},{"damage":15.0,"enemies":"Slavers","floor":24.0,"turns":5.0},{"damage":11.0,"enemies":"Centurion and Healer","floor":25.0,"turns":6.0},{"damage":0.0,"enemies":"Gremlin Leader","floor":27.0,"turns":5.0},{"damage":5.0,"enemies":"Snecko","floor":28.0,"turns":4.0},{"damage":8.0,"enemies":"Book of Stabbing","floor":29.0,"turns":4.0},{"damage":0.0,"enemies":"Cultist and Chosen","floor":31.0,"turns":4.0},{"damage":35.0,"enemies":"Collector","floor":33.0,"turns":6.0},{"damage":0.0,"enemies":"Orb Walker","floor":35.0,"turns":2.0},{"damage":1.0,"enemies":"3 Shapes","floor":36.0,"turns":3.0},{"damage":0.0,"enemies":"Maw","floor":37.0,"turns":6.0},{"damage":1.0,"enemies":"Nemesis","floor":41.0,"turns":5.0},{"damage":4.0,"enemies":"Writhing Mass","floor":44.0,"turns":5.0},{"damage":0.0,"enemies":"Reptomancer","floor":48.0,"turns":5.0},{"damage":12.0,"enemies":"Awakened One","floor":50.0,"turns":15.0},{"damage":7.0,"enemies":"Shield and Spear","floor":54.0,"turns":8.0},{"damage":46,"enemies":"The Heart","floor":55,"turns":10}],"seed_played":"-667287400775017579","potions_obtained":[{"floor":4.0,"key":"DistilledChaos"},{"floor":10.0,"key":"Dexterity Potion"},{"floor":12.0,"key":"Explosive Potion"},{"floor":16.0,"key":"Explosive Potion"},{"floor":18.0,"key":"Fruit Juice"},{"floor":19.0,"key":"Swift Potion"},{"floor":21.0,"key":"DistilledChaos"},{"floor":24.0,"key":"GhostInAJar"},{"floor":25.0,"key":"CunningPotion"},{"floor":27.0,"key":"Poison Potion"},{"floor":28.0,"key":"BlessingOfTheForge"},{"floor":29.0,"key":"LiquidMemories"},{"floor":31.0,"key":"GhostInAJar"},{"floor":33.0,"key":"Explosive Potion"},{"floor":35.0,"key":"EssenceOfSteel"},{"floor":37.0,"key":"GamblersBrew"},{"floor":41.0,"key":"Regen Potion"},{"floor":44.0,"key":"DuplicationPotion"},{"floor":48.0,"key":"Block Potion"},{"floor":54.0,"key":"Weak Potion"}],"is_trial":false,"path_per_floor":["M","$","?","M","$","E","?","R","T","E","R","M","T","$","R","B",null,"M","M","?","?","?","R","E","M","T","E","M","E","R","M","R","B",null,"M","M","M","$","?","R","E","R","T","M","$","R","$","E","R","B",null,"R","$","E","B",null],"character_chosen":"THE_SILENT","items_purchased":["Bane","Regen Potion","Membership Card","Happy Flower","Blur+1","TheAbacus","Deflect+1","Blur+1","ClockworkSouvenir"],"campfire_rested":3,"item_purchase_floors":[5,14,38,38,45,45,45,47,53],"current_hp_per_floor":[70,70,70,67,67,43,43,43,43,32,53,50,50,50,50,27,70,74,72,72,37,21,43,43,32,32,32,27,19,41,41,41,6,75,75,74,74,74,74,74,73,73,73,69,69,69,69,85,85,73,85,85,85,78,32],"gold":35,"neow_bonus":"REMOVE_CARD","is_prod":false,"is_daily":false,"chose_seed":false,"campfire_upgraded":7,"win_rate":0,"timestamp":1588384896,"path_taken":["M","$","?","M","$","E","?","R","T","E","R","M","?","?","R","BOSS","M","M","?","?","?","R","E","M","T","E","M","E","R","M","R","BOSS","M","M","M","$","?","R","E","R","T","?","?","R","$","E","R","BOSS","R","$","E","BOSS"],"build_version":"2020-01-27","purchased_purges":2,"victory":true,"max_hp_per_floor":[70,70,70,70,70,70,70,70,70,70,70,70,70,70,70,70,70,75,75,75,75,75,75,75,75,75,75,75,75,75,75,75,75,75,75,75,75,75,75,75,75,75,75,75,75,75,75,85,85,85,85,85,85,85,85],"card_choices":[{"not_picked":["Dodge and Roll","Dagger Throw"],"picked":"Bouncing Flask","floor":1.0},{"not_picked":["Expertise","PiercingWail"],"picked":"Prepared","floor":4.0},{"not_picked":["Sucker Punch","Dagger Spray"],"picked":"Noxious Fumes","floor":6.0},{"not_picked":["Endless Agony","Grand Finale","Concentrate"],"picked":"SKIP","floor":10.0},{"not_picked":["Slice","Bane"],"picked":"Crippling Poison","floor":12.0},{"not_picked":["Doppelganger","Unload"],"picked":"Envenom","floor":16.0},{"not_picked":["Dodge and Roll","Dagger Throw+1"],"picked":"Bane+1","floor":18.0},{"not_picked":["Cloak And Dagger","Tactician+1","Acrobatics+1"],"picked":"SKIP","floor":19.0},{"not_picked":["Poisoned Stab","Blade Dance"],"picked":"Dodge and Roll+1","floor":21.0},{"not_picked":["Reflex","Bane"],"picked":"Well Laid Plans","floor":24.0},{"not_picked":["Poisoned Stab","PiercingWail","Finisher+1"],"picked":"SKIP","floor":25.0},{"not_picked":["Dagger Spray","Malaise"],"picked":"Bane+1","floor":27.0},{"not_picked":["Underhanded Strike","Bane"],"picked":"Bouncing Flask","floor":28.0},{"not_picked":["Deadly Poison","Adrenaline","Choke"],"picked":"SKIP","floor":29.0},{"not_picked":["Flying Knee","Masterful Stab","Bane"],"picked":"SKIP","floor":31.0},{"not_picked":["Night Terror","Doppelganger"],"picked":"Wraith Form v2","floor":33.0},{"not_picked":["Outmaneuver","Terror+1"],"picked":"Bouncing Flask","floor":35.0},{"not_picked":["Infinite Blades+1","Outmaneuver+1","Heel Hook+1"],"picked":"SKIP","floor":36.0},{"not_picked":["Dagger Throw","Outmaneuver+1","Crippling Poison+1"],"picked":"SKIP","floor":37.0},{"not_picked":["Tactician","Deflect+1"],"picked":"Escape Plan+1","floor":41.0},{"not_picked":["Sucker Punch","Tactician+1","Reflex+1"],"picked":"SKIP","floor":44.0},{"not_picked":["Sucker Punch+1","Night Terror+1"],"picked":"Leg Sweep+1","floor":48.0},{"not_picked":["Well Laid Plans+1","Blade Dance+1"],"picked":"Dodge and Roll+1","floor":54.0}],"player_experience":600941,"relics_obtained":[{"floor":6.0,"key":"Anchor"},{"floor":9.0,"key":"The Courier"},{"floor":10.0,"key":"White Beast Statue"},{"floor":21.0,"key":"Red Mask"},{"floor":22.0,"key":"Enchiridion"},{"floor":24.0,"key":"Snake Skull"},{"floor":26.0,"key":"Omamori"},{"floor":27.0,"key":"TungstenRod"},{"floor":29.0,"key":"Bottled Lightning"},{"floor":41.0,"key":"Nunchaku"},{"floor":43.0,"key":"Toxic Egg 2"},{"floor":48.0,"key":"Pear"},{"floor":54.0,"key":"Letter Opener"}],"event_choices":[{"cards_removed":["Defend_G"],"damage_healed":0.0,"max_hp_gain":0.0,"max_hp_loss":0.0,"gold_gain":0.0,"event_name":"The Cleric","player_choice":"Card Removal","floor":3.0,"gold_loss":50.0,"damage_taken":0.0},{"damage_healed":0.0,"max_hp_gain":0.0,"max_hp_loss":0.0,"gold_gain":0.0,"event_name":"Living Wall","player_choice":"Grow","floor":7.0,"gold_loss":0.0,"damage_taken":0.0,"cards_upgraded":["Neutralize"]},{"cards_removed":["Strike_G"],"damage_healed":0.0,"max_hp_gain":0.0,"max_hp_loss":0.0,"gold_gain":0.0,"event_name":"Beggar","player_choice":"Gave Gold","floor":20.0,"gold_loss":75.0,"damage_taken":0.0},{"damage_healed":0.0,"max_hp_gain":0.0,"max_hp_loss":0.0,"gold_gain":0.0,"event_name":"Masked Bandits","player_choice":"Fought Bandits","floor":21.0,"gold_loss":0.0,"damage_taken":0.0},{"damage_healed":0.0,"max_hp_gain":0.0,"max_hp_loss":0.0,"gold_gain":0.0,"event_name":"Cursed Tome","player_choice":"Obtained Book","floor":22.0,"gold_loss":0.0,"damage_taken":16.0},{"cards_removed":["Strike_G"],"damage_healed":0.0,"max_hp_gain":0.0,"max_hp_loss":0.0,"gold_gain":0.0,"event_name":"Bonfire Elementals","player_choice":"Offered Basic","floor":39.0,"gold_loss":0.0,"damage_taken":0.0}],"is_beta":false,"boss_relics":[{"not_picked":["SacredBark","Coffee Dripper"],"picked":"SlaversCollar"},{"not_picked":["Velvet Choker","Sozu"],"picked":"Cursed Key"}],"items_purged_floors":[38,45],"is_endless":false,"potions_floor_spawned":[4,10,12,16,18,19,21,24,25,27,28,29,31,33,35,36,37,41,44,48,54],"ascension_level":0}