{"gold_per_floor":[112,126,76,1,19,19,19,19,69,69,69,90,108,149,149,149],"floor_reached":16,"playtime":773,"items_purged":["Defend_G"],"score":100,"play_id":"fd98cac7-efd6-4e8d-ba69-5c39250cf969","local_time":"20200502171646","is_ascension_mode":false,"campfire_choices":[{"data":"Neutralize","floor":6,"key":"SMITH"},{"data":"Dodge and Roll","floor":11,"key":"SMITH"},{"data":"Calculated Gamble","floor":15,"key":"SMITH"}],"neow_cost":"NONE","seed_source_timestamp":5036184396873846,"circlet_count":0,"master_deck":["Strike_G","Strike_G","Strike_G","Strike_G","Defend_G","Defend_G","Defend_G","Survivor","Neutralize+1","Doppelganger","Dodge and Roll+1","Underhanded Strike","Reflex","Calculated Gamble+1","Unload","Underhanded Strike"],"relics":["Ring of the Snake","Golden Idol","Potion Belt","Du-Vu Doll"],"potions_floor_usage":[2,14,14],"damage_taken":[{"damage":0,"enemies":"Small Slimes","floor":1,"turns":5},{"damage":2,"enemies":"2 Louse","floor":2,"turns":3},{"damage":1,"enemies":"Cultist","floor":5,"turns":4},{"damage":2,"enemies":"2 Fungi Beasts","floor":12,"turns":5},{"damage":0,"enemies":"Blue Slaver","floor":13,"turns":5},{"damage":9,"enemies":"Lagavulin","floor":14,"turns":8},{"damage":26,"enemies":"Slime Boss","floor":16,"turns":6}],"seed_played":"-2148709184355749749","potions_obtained":[{"floor":1,"key":"Fire Potion"},{"floor":12,"key":"ColorlessPotion"},{"floor":13,"key":"Poison Potion"}],"is_trial":false,"path_per_floor":["M","M","?","$","M","R","$","?","T","?","R","M","M","E","R","B"],"character_chosen":"THE_SILENT","items_purchased":[],"campfire_rested":0,"item_purchase_floors":[],"current_hp_per_floor":[70,68,68,68,67,67,67,50,50,50,50,48,48,39,39,13],"gold":149,"neow_bonus":"ONE_RANDOM_RARE_CARD","is_prod":false,"is_daily":false,"chose_seed":false,"campfire_upgraded":3,"win_rate":0,"timestamp":1588468606,"path_taken":["M","M","?","$","M","R","$","?","T","?","R","M","M","E","R","BOSS"],"build_version":"2020-01-27","purchased_purges":1,"victory":false,"max_hp_per_floor":[70,70,70,70,70,70,70,70,70,70,70,70,70,70,70,70],"card_choices":[{"not_picked":["Flechettes","Catalyst"],"picked":"Dodge and Roll","floor":1},{"not_picked":["Sucker Punch","Catalyst"],"picked":"Underhanded Strike","floor":2},{"not_picked":["Noxious Fumes","Masterful Stab"],"picked":"Reflex","floor":5},{"not_picked":["Riddle With Holes","Slice"],"picked":"Calculated Gamble","floor":12},{"not_picked":["Deadly Poison","Acrobatics"],"picked":"Unload","floor":13},{"not_picked":["Flying Knee","Dodge and Roll"],"picked":"Underhanded Strike","floor":14}],"player_experience":606104,"relics_obtained":[{"floor":9,"key":"Potion Belt"},{"floor":14,"key":"Du-Vu Doll"}],"event_choices":[{"cards_removed":["Strike_G"],"damage_healed":0,"gold_gain":0,"player_choice":"Card Removal","damage_taken":0,"max_hp_gain":0,"max_hp_loss":0,"event_name":"The Cleric","floor":3,"gold_loss":50},{"damage_healed":0,"gold_gain":0,"player_choice":"Take Damage","damage_taken":17,"relics_obtained":["Golden Idol"],"max_hp_gain":0,"max_hp_loss":0,"event_name":"Golden Idol","floor":8,"gold_loss":0},{"cards_removed":["Defend_G"],"damage_healed":0,"gold_gain":0,"player_choice":"Purged","damage_taken":0,"max_hp_gain":0,"max_hp_loss":0,"event_name":"Purifier","floor":10,"gold_loss":0}],"is_beta":false,"boss_relics":[],"items_purged_floors":[4],"is_endless":false,"potions_floor_spawned":[1,12,13],"killed_by":"Slime Boss","ascension_level":0}