{"gold_per_floor":[115,40,40,52,63,88,104,104,104,142,170,182,194,223,235,247],"floor_reached":16,"playtime":1033,"items_purged":["Strike_G"],"score":112,"play_id":"2ef3363d-19a0-404a-8b89-1fc6e52ddc8d","local_time":"20200503142223","is_ascension_mode":false,"campfire_choices":[{"data":"Neutralize","floor":8,"key":"SMITH"},{"floor":13,"key":"REST"},{"floor":15,"key":"REST"}],"neow_cost":"NONE","seed_source_timestamp":5111863912395077,"circlet_count":0,"master_deck":["Strike_G","Strike_G","Strike_G","Strike_G","Defend_G+1","Defend_G","Defend_G","Defend_G","Defend_G+1","Survivor+1","Neutralize+1","Sucker Punch","Storm of Steel","Heel Hook","Acrobatics","Terror"],"relics":["Ring of the Snake","Bag of Preparation","MawBank","Matryoshka"],"potions_floor_usage":[6,6,16,16],"damage_taken":[{"damage":0,"enemies":"Small Slimes","floor":1,"turns":3},{"damage":5,"enemies":"Jaw Worm","floor":4,"turns":7},{"damage":0,"enemies":"2 Louse","floor":5,"turns":3},{"damage":20,"enemies":"Lagavulin","floor":6,"turns":8},{"damage":7,"enemies":"Blue Slaver","floor":7,"turns":3},{"damage":10,"enemies":"Gremlin Nob","floor":10,"turns":4},{"damage":15,"enemies":"Exordium Thugs","floor":11,"turns":6},{"damage":8,"enemies":"3 Louse","floor":14,"turns":4},{"damage":39,"enemies":"Slime Boss","floor":16,"turns":11}],"seed_played":"6937432668572380966","potions_obtained":[{"floor":4,"key":"BlessingOfTheForge"},{"floor":5,"key":"Fire Potion"},{"floor":10,"key":"BlessingOfTheForge"},{"floor":14,"key":"BlessingOfTheForge"}],"is_trial":false,"path_per_floor":["M","$","?","M","M","E","M","R","T","E","M","?","R","M","R","B"],"character_chosen":"THE_SILENT","items_purchased":[],"campfire_rested":2,"item_purchase_floors":[],"current_hp_per_floor":[70,70,75,70,70,50,43,43,43,33,18,3,25,17,39,0],"gold":247,"neow_bonus":"UPGRADE_CARD","is_prod":false,"is_daily":false,"chose_seed":false,"campfire_upgraded":1,"win_rate":0,"timestamp":1588486943,"path_taken":["M","$","?","M","M","E","M","R","T","E","M","?","R","M","R","BOSS"],"build_version":"2020-01-27","purchased_purges":1,"victory":false,"max_hp_per_floor":[70,70,75,75,75,75,75,75,75,75,75,75,75,75,75,75],"card_choices":[{"not_picked":["PiercingWail","Cloak And Dagger"],"picked":"Sucker Punch","floor":1},{"not_picked":["Deflect","Prepared"],"picked":"Storm of Steel","floor":4},{"not_picked":["PiercingWail","Deadly Poison"],"picked":"Heel Hook","floor":5},{"not_picked":["Blade Dance","All Out Attack","Cloak And Dagger"],"picked":"SKIP","floor":6},{"not_picked":["Flying Knee","Quick Slash"],"picked":"Acrobatics","floor":7},{"not_picked":["Concentrate","Phantasmal Killer","Deflect"],"picked":"SKIP","floor":10},{"not_picked":["Outmaneuver","Deflect"],"picked":"Terror","floor":11},{"not_picked":["PiercingWail","Dagger Spray","Deadly Poison"],"picked":"SKIP","floor":14}],"player_experience":613656,"relics_obtained":[{"floor":6,"key":"Bag of Preparation"},{"floor":9,"key":"MawBank"},{"floor":10,"key":"Matryoshka"}],"event_choices":[{"damage_healed":0,"gold_gain":0,"player_choice":"Donut","damage_taken":0,"max_hp_gain":5,"max_hp_loss":0,"event_name":"Big Fish","floor":3,"gold_loss":0},{"damage_healed":0,"gold_gain":0,"player_choice":"Entered Light","damage_taken":15,"max_hp_gain":0,"max_hp_loss":0,"event_name":"Shining Light","floor":12,"gold_loss":0,"cards_upgraded":["Defend_G","Defend_G"]}],"is_beta":false,"boss_relics":[],"items_purged_floors":[2],"is_endless":false,"potions_floor_spawned":[4,5,10,14],"killed_by":"Slime Boss","ascension_level":0}