{"gold_per_floor":[116,126,126,51,1,1,39,64,64,105,128,128,203,99,99,219,219,238,238,263,40,65,96,96],"floor_reached":24,"playtime":1627,"items_purged":["Strike_G"],"score":249,"play_id":"96e998ec-c5e4-4521-8ead-6f9bc5572a6e","local_time":"20200506153303","is_ascension_mode":false,"campfire_choices":[{"data":"Neutralize","floor":6.0,"key":"SMITH"},{"data":"Crippling Poison","floor":12.0,"key":"SMITH"},{"floor":15.0,"key":"REST"}],"neow_cost":"NONE","seed_source_timestamp":5374542324441436,"circlet_count":0,"master_deck":["Strike_G","Strike_G","Strike_G","Strike_G","Defend_G","Defend_G","Defend_G","Defend_G","Survivor","Neutralize+1","Crippling Poison+1","Backstab","Prepared","Flechettes","Prepared","Noxious Fumes+1","Tools of the Trade","Dodge and Roll","Bane","Blur"],"special_seed":0,"relics":["Ring of the Snake","NeowsBlessing","Golden Idol","Singing Bowl","Vajra","Regal Pillow","Black Star","Oddly Smooth Stone","Turnip","Toxic Egg 2"],"potions_floor_usage":[24],"damage_taken":[{"damage":0.0,"enemies":"2 Louse","floor":1.0,"turns":1.0},{"damage":0.0,"enemies":"Small Slimes","floor":2.0,"turns":1.0},{"damage":0.0,"enemies":"3 Sentries","floor":7.0,"turns":1.0},{"damage":0.0,"enemies":"Jaw Worm","floor":8.0,"turns":3.0},{"damage":15.0,"enemies":"Lagavulin","floor":10.0,"turns":6.0},{"damage":7.0,"enemies":"Exordium Wildlife","floor":11.0,"turns":4.0},{"damage":21.0,"enemies":"Hexaghost","floor":16.0,"turns":11.0},{"damage":6.0,"enemies":"3 Byrds","floor":18.0,"turns":5.0},{"damage":12.0,"enemies":"Spheric Guardian","floor":20.0,"turns":5.0},{"damage":14.0,"enemies":"Chosen and Byrds","floor":22.0,"turns":7.0},{"damage":39.0,"enemies":"Book of Stabbing","floor":23.0,"turns":8.0},{"damage":9,"enemies":"Sentry and Sphere","floor":24,"turns":5}],"seed_played":"-2166834945797281691","potions_obtained":[{"floor":1.0,"key":"LiquidBronze"},{"floor":2.0,"key":"Strength Potion"},{"floor":8.0,"key":"SneckoOil"},{"floor":18.0,"key":"DistilledChaos"},{"floor":20.0,"key":"Dexterity Potion"}],"is_trial":false,"path_per_floor":["M","M","?","$","?","R","E","M","T","E","M","R","?","$","R","B",null,"M","?","M","$","M","E","M"],"character_chosen":"THE_SILENT","items_purchased":["Fruit Juice","Blur","Oddly Smooth Stone"],"campfire_rested":1,"item_purchase_floors":[14,21,21],"current_hp_per_floor":[70,70,53,53,53,53,53,53,53,38,31,31,20,25,62,41,75,69,69,57,57,45,8,0],"gold":96,"neow_bonus":"THREE_ENEMY_KILL","is_prod":false,"is_daily":false,"chose_seed":false,"campfire_upgraded":2,"win_rate":0,"timestamp":1588750383,"path_taken":["M","M","?","$","?","R","E","M","T","E","?","R","?","$","R","BOSS","M","?","?","$","M","E","?"],"build_version":"2020-01-27","purchased_purges":1,"victory":false,"max_hp_per_floor":[70,70,70,70,70,70,70,70,70,70,70,70,70,75,75,75,75,75,75,75,75,77,79,79],"card_choices":[{"not_picked":["Eviscerate","Noxious Fumes"],"picked":"Crippling Poison","floor":1.0},{"not_picked":["Dodge and Roll","Blade Dance"],"picked":"Backstab","floor":2.0},{"not_picked":["Dodge and Roll","Blade Dance"],"picked":"Prepared","floor":7.0},{"not_picked":["Accuracy","Deflect"],"picked":"Flechettes","floor":8.0},{"not_picked":["Underhanded Strike","Phantasmal Killer"],"picked":"Prepared","floor":10.0},{"not_picked":["Masterful Stab","Calculated Gamble"],"picked":"Noxious Fumes","floor":11.0},{"not_picked":["Envenom","Unload"],"picked":"Tools of the Trade","floor":16.0},{"not_picked":["Reflex","Acrobatics"],"picked":"Dodge and Roll","floor":18.0},{"not_picked":["Backflip","Flying Knee+1"],"picked":"Bane","floor":20.0},{"not_picked":["Glass Knife","Cloak And Dagger","Bane"],"picked":"Singing Bowl","floor":22.0},{"not_picked":["Flying Knee","After Image","Backstab"],"picked":"Singing Bowl","floor":23.0}],"player_experience":634118,"relics_obtained":[{"floor":7.0,"key":"Singing Bowl"},{"floor":9.0,"key":"Vajra"},{"floor":10.0,"key":"Regal Pillow"},{"floor":23.0,"key":"Turnip"},{"floor":23.0,"key":"Toxic Egg 2"}],"event_choices":[{"damage_healed":0.0,"max_hp_gain":0.0,"max_hp_loss":0.0,"gold_gain":0.0,"event_name":"Golden Idol","player_choice":"Take Damage","floor":3.0,"gold_loss":0.0,"damage_taken":17.0,"relics_obtained":["Golden Idol"]},{"cards_removed":["Defend_G"],"damage_healed":0.0,"max_hp_gain":0.0,"max_hp_loss":0.0,"gold_gain":0.0,"event_name":"The Cleric","player_choice":"Card Removal","floor":5.0,"gold_loss":50.0,"damage_taken":0.0},{"damage_healed":0.0,"max_hp_gain":0.0,"max_hp_loss":0.0,"gold_gain":75.0,"event_name":"World of Goop","player_choice":"Gather Gold","floor":13.0,"gold_loss":0.0,"damage_taken":11.0},{"damage_healed":0.0,"max_hp_gain":0.0,"max_hp_loss":0.0,"gold_gain":0.0,"event_name":"Upgrade Shrine","player_choice":"Upgraded","floor":19.0,"gold_loss":0.0,"damage_taken":0.0,"cards_upgraded":["Noxious Fumes"]}],"is_beta":false,"boss_relics":[{"not_picked":["Runic Pyramid","Philosopher\u0027s Stone"],"picked":"Black Star"}],"items_purged_floors":[4],"is_endless":false,"potions_floor_spawned":[1,2,8,18,20],"killed_by":"Sentry and Sphere","ascension_level":0}