{"gold_per_floor":[213,227,8,21,121,155,8,20,20,38,38,71,71,84,84,182,232,245,259,279,292,69,69,87,87,113,113,128,148,148,168,168,168],"floor_reached":33,"playtime":3084,"items_purged":["Strike_G","Defend_G"],"score":263,"play_id":"8ca7d1e3-608c-4880-a0ea-099a534a8e52","local_time":"20200428141333","is_ascension_mode":false,"campfire_choices":[{"data":"Neutralize","floor":13.0,"key":"SMITH"},{"data":"Noxious Fumes","floor":15.0,"key":"SMITH"},{"data":"Concentrate","floor":23,"key":"SMITH"},{"data":"Blur","floor":25,"key":"SMITH"},{"data":"Dodge and Roll","floor":27,"key":"SMITH"},{"floor":32,"key":"REST"}],"neow_cost":"NONE","seed_source_timestamp":0,"circlet_count":0,"master_deck":["Strike_G","Strike_G","Strike_G","Strike_G","Defend_G","Defend_G","Defend_G","Defend_G","Survivor","Neutralize+1","Poisoned Stab+1","Riddle With Holes","Bane","Doppelganger","Dodge and Roll+1","Caltrops","Concentrate+1","Noxious Fumes+1","Tools of the Trade","Bane","Reflex+1","Dodge and Roll+1","Blur+1","Expertise","Deadly Poison+1","Dash","Skewer+1"],"special_seed":0,"relics":["Ring of the Snake","Vajra","Meat on the Bone","Ninja Scroll","Bag of Preparation","Nloth\u0027s Gift"],"potions_floor_usage":[29,33],"damage_taken":[{"damage":8.0,"enemies":"2 Louse","floor":1.0,"turns":3.0},{"damage":0.0,"enemies":"Cultist","floor":2.0,"turns":4.0},{"damage":0.0,"enemies":"Jaw Worm","floor":4.0,"turns":3.0},{"damage":20.0,"enemies":"Gremlin Nob","floor":6.0,"turns":4.0},{"damage":2.0,"enemies":"Looter","floor":8.0,"turns":5.0},{"damage":0.0,"enemies":"2 Fungi Beasts","floor":10.0,"turns":2.0},{"damage":19.0,"enemies":"Lagavulin","floor":12.0,"turns":6.0},{"damage":0.0,"enemies":"Exordium Thugs","floor":14.0,"turns":3.0},{"damage":11.0,"enemies":"Hexaghost","floor":16.0,"turns":8.0},{"damage":18.0,"enemies":"Spheric Guardian","floor":18.0,"turns":6.0},{"damage":8.0,"enemies":"Shell Parasite","floor":19.0,"turns":6.0},{"damage":7.0,"enemies":"Snake Plant","floor":20.0,"turns":4.0},{"damage":7.0,"enemies":"Centurion and Healer","floor":21.0,"turns":5.0},{"damage":6,"enemies":"Snecko","floor":24,"turns":4},{"damage":27,"enemies":"Shelled Parasite and Fungi","floor":28,"turns":7},{"damage":8,"enemies":"Snake Plant","floor":29,"turns":6},{"damage":8,"enemies":"Centurion and Healer","floor":31,"turns":7},{"damage":64,"enemies":"Collector","floor":33,"turns":5}],"seed_played":"437113355264639219","potions_obtained":[{"floor":2.0,"key":"Ancient Potion"},{"floor":4.0,"key":"SkillPotion"},{"floor":12.0,"key":"Fire Potion"},{"floor":16.0,"key":"SpeedPotion"},{"floor":17.0,"key":"BlessingOfTheForge"},{"floor":19.0,"key":"Weak Potion"},{"floor":20.0,"key":"Swift Potion"},{"floor":21.0,"key":"SmokeBomb"}],"is_trial":false,"path_per_floor":["M","M","$","M","?","E","$","M","T","M","$","E","R","M","R","B",null,"M","M","M","M","$","R","M","R","T","R","M","M","?","M","R","B"],"character_chosen":"THE_SILENT","items_purchased":["Vajra","Doppelganger","Regen Potion","Expertise","SpeedPotion"],"campfire_rested":1,"item_purchase_floors":[3,7,7,22,22],"current_hp_per_floor":[62,62,62,62,62,42,42,54,54,54,54,47,47,47,47,36,75,57,49,42,47,47,47,41,41,41,41,26,30,30,34,56,0],"gold":168,"neow_bonus":"HUNDRED_GOLD","is_prod":false,"is_daily":false,"chose_seed":false,"campfire_upgraded":5,"win_rate":0,"timestamp":1588112013,"path_taken":["M","M","$","M","?","E","$","M","T","M","?","E","R","M","R","BOSS","M","M","M","M","$","R","M","R","T","R","M","M","?","M","R","BOSS"],"build_version":"2020-01-27","purchased_purges":2,"victory":false,"max_hp_per_floor":[70,70,70,70,70,70,70,70,70,70,70,70,70,70,70,70,75,75,75,75,75,75,75,75,75,75,75,75,75,75,75,75,75],"card_choices":[{"not_picked":["Dagger Throw","Quick Slash"],"picked":"Poisoned Stab","floor":1.0},{"not_picked":["Dodge and Roll","Prepared"],"picked":"Riddle With Holes","floor":2.0},{"not_picked":["Outmaneuver","Dagger Throw"],"picked":"Bane","floor":4.0},{"not_picked":["Masterful Stab","Outmaneuver","Endless Agony"],"picked":"SKIP","floor":6.0},{"not_picked":["Quick Slash","Bane"],"picked":"Dodge and Roll","floor":8.0},{"not_picked":["Caltrops","Distraction","Flying Knee"],"picked":"SKIP","floor":10.0},{"not_picked":["Distraction","Flying Knee"],"picked":"Caltrops","floor":10.0},{"not_picked":["Deadly Poison","Backstab"],"picked":"Concentrate","floor":12.0},{"not_picked":["Endless Agony","Dagger Spray"],"picked":"Noxious Fumes","floor":14.0},{"not_picked":["Burst","Venomology"],"picked":"Tools of the Trade","floor":16.0},{"not_picked":["Dagger Spray","Blade Dance"],"picked":"Bane","floor":17.0},{"not_picked":["Predator+1","Caltrops"],"picked":"Reflex+1","floor":18.0},{"not_picked":["Dagger Spray","PiercingWail","Caltrops+1"],"picked":"SKIP","floor":19.0},{"not_picked":["Flying Knee+1","Quick Slash"],"picked":"Dodge and Roll+1","floor":20.0},{"not_picked":["Flying Knee+1","Underhanded Strike+1"],"picked":"Blur","floor":21.0},{"not_picked":["Bane","Riddle With Holes"],"picked":"Deadly Poison+1","floor":24},{"not_picked":["Phantasmal Killer","Flying Knee+1"],"picked":"Dash","floor":28},{"not_picked":["Eviscerate+1","Endless Agony+1","Choke"],"picked":"SKIP","floor":29},{"not_picked":["Caltrops","Poisoned Stab"],"picked":"Skewer+1","floor":31}],"player_experience":581233,"relics_obtained":[{"floor":6.0,"key":"Meat on the Bone"},{"floor":9.0,"key":"Ninja Scroll"},{"floor":12.0,"key":"Bag of Preparation"}],"event_choices":[{"damage_healed":0.0,"max_hp_gain":0.0,"max_hp_loss":0.0,"gold_gain":100.0,"event_name":"Wheel of Change","player_choice":"Gold","floor":5.0,"gold_loss":0.0,"damage_taken":0.0},{"damage_healed":0,"gold_gain":0,"player_choice":"Traded Relic","damage_taken":0,"relics_obtained":["Nloth\u0027s Gift"],"max_hp_gain":0,"max_hp_loss":0,"event_name":"N\u0027loth","floor":30,"relics_lost":["Tiny House"],"gold_loss":0}],"is_beta":false,"boss_relics":[{"not_picked":["HoveringKite","Cursed Key"],"picked":"Tiny House"}],"items_purged_floors":[3,22],"is_endless":false,"potions_floor_spawned":[2,4,12,16,19,20,21,28],"killed_by":"Collector","ascension_level":0}