{"gold_per_floor":[115,115,128,303,319,319,348,34,34,44,44,44,59,72,72,175,175,186,201,54,72,90,90,90,104,104,133,133,152,184,99,99,202,252,263,277,294,294,294,294,16,16,43,43,68,68,68,118,118,118],"floor_reached":50,"playtime":3171,"items_purged":["Doubt","Strike_G","Strike_G"],"score":535,"play_id":"3cb9d44b-af67-465f-9ab5-6c018a45e1ef","local_time":"20200430195754","is_ascension_mode":false,"campfire_choices":[{"data":"Neutralize","floor":6,"key":"SMITH"},{"data":"Noxious Fumes","floor":15,"key":"SMITH"},{"data":"Crippling Poison","floor":23,"key":"SMITH"},{"data":"Catalyst","floor":28,"key":"SMITH"},{"floor":32,"key":"REST"},{"floor":40,"key":"RECALL"},{"data":"Wraith Form v2","floor":44,"key":"SMITH"},{"data":"Sucker Punch","floor":46,"key":"SMITH"},{"data":"Flechettes","floor":49,"key":"SMITH"}],"neow_cost":"NONE","seed_source_timestamp":4870616685104000,"circlet_count":0,"master_deck":["Strike_G","Strike_G+1","Defend_G","Defend_G","Defend_G","Defend_G","Defend_G","Survivor","Neutralize+1","Dodge and Roll","Strike_R","Flechettes+1","Noxious Fumes+1","Deadly Poison","Dodge and Roll","Bane","Deadly Poison","Venomology","Deflect+1","Deadly Poison","Sucker Punch+1","Crippling Poison+1","Catalyst+1","Bane","Bouncing Flask+1","Noxious Fumes+1","Footwork+1","Wraith Form v2+1","Good Instincts","Blur","Backflip+1"],"relics":["Ring of the Snake","NeowsBlessing","Anchor","Omamori","Pear","PreservedInsect","SacredBark","Meat on the Bone","StoneCalendar","Art of War","The Courier","Tiny House","Lantern","Ginger","Ice Cream"],"potions_floor_usage":[7,7,18,19,21,27,29,33,33,35,37,45,50],"damage_taken":[{"damage":0,"enemies":"Jaw Worm","floor":1,"turns":1},{"damage":0,"enemies":"Cultist","floor":3,"turns":1},{"damage":0,"enemies":"2 Louse","floor":5,"turns":1},{"damage":23,"enemies":"3 Sentries","floor":7,"turns":12},{"damage":16,"enemies":"Gremlin Gang","floor":10,"turns":5},{"damage":0,"enemies":"Exordium Wildlife","floor":13,"turns":4},{"damage":0,"enemies":"Looter","floor":14,"turns":4},{"damage":25,"enemies":"The Guardian","floor":16,"turns":9},{"damage":5,"enemies":"Chosen","floor":18,"turns":5},{"damage":6,"enemies":"3 Byrds","floor":19,"turns":5},{"damage":27,"enemies":"Shelled Parasite and Fungi","floor":21,"turns":8},{"damage":20,"enemies":"Sentry and Sphere","floor":22,"turns":5},{"damage":1,"enemies":"Centurion and Healer","floor":25,"turns":8},{"damage":12,"enemies":"Book of Stabbing","floor":27,"turns":4},{"damage":8,"enemies":"Shelled Parasite and Fungi","floor":29,"turns":4},{"damage":45,"enemies":"Slavers","floor":30,"turns":7},{"damage":36,"enemies":"Collector","floor":33,"turns":7},{"damage":22,"enemies":"3 Darklings","floor":35,"turns":6},{"damage":0,"enemies":"3 Shapes","floor":36,"turns":6},{"damage":25,"enemies":"Maw","floor":37,"turns":9},{"damage":22,"enemies":"Reptomancer","floor":45,"turns":4},{"damage":4,"enemies":"Mind Bloom Boss Battle","floor":48,"turns":8},{"damage":51,"enemies":"Awakened One","floor":50,"turns":4}],"seed_played":"8737937698730592366","potions_obtained":[{"floor":3,"key":"PowerPotion"},{"floor":5,"key":"Block Potion"},{"floor":16,"key":"AttackPotion"},{"floor":19,"key":"SteroidPotion"},{"floor":22,"key":"FearPotion"},{"floor":27,"key":"SteroidPotion"},{"floor":30,"key":"Energy Potion"},{"floor":33,"key":"SkillPotion"},{"floor":37,"key":"SkillPotion"},{"floor":48,"key":"LiquidBronze"}],"is_trial":false,"path_per_floor":["M","?","M","?","M","R","E","$","T","M","?","$","M","M","R","B",null,"M","M","$","M","M","R","?","M","T","E","R","M","E","?","R","B",null,"M","M","M","?","?","R","$","?","T","R","E","R","$","?","R","B"],"character_chosen":"THE_SILENT","items_purchased":["Noxious Fumes","Deadly Poison","Omamori","Deadly Poison","Blur","Lantern"],"campfire_rested":1,"item_purchase_floors":[8,8,8,20,41,41],"current_hp_per_floor":[70,70,70,70,70,70,47,47,57,41,41,41,41,41,41,16,80,75,69,69,80,60,60,60,59,59,47,47,51,18,18,42,51,85,63,63,50,50,50,50,50,50,50,50,40,40,40,48,48,0],"gold":118,"neow_bonus":"THREE_ENEMY_KILL","is_prod":false,"is_daily":false,"chose_seed":false,"campfire_upgraded":7,"win_rate":0,"timestamp":1588305474,"path_taken":["M","?","?","?","M","R","E","$","T","M","?","$","M","M","R","BOSS","M","M","$","?","M","R","?","M","T","E","R","M","E","?","R","BOSS","M","M","M","?","?","R","$","?","T","R","E","R","?","?","R","BOSS"],"build_version":"2020-01-27","purchased_purges":3,"victory":false,"max_hp_per_floor":[70,70,70,70,70,70,70,70,80,80,80,80,80,80,80,80,80,80,80,80,80,80,80,80,80,80,80,80,80,80,80,80,80,85,85,85,85,85,85,85,85,85,85,85,85,85,85,85,85,85],"card_choices":[{"not_picked":["Blade Dance","Flying Knee"],"picked":"Dodge and Roll","floor":1},{"not_picked":["Outmaneuver","Well Laid Plans","Quick Slash"],"picked":"SKIP","floor":3},{"not_picked":["Acrobatics","Predator"],"picked":"Flechettes","floor":5},{"not_picked":["Calculated Gamble","Heel Hook","Dodge and Roll"],"picked":"SKIP","floor":7},{"not_picked":["Dagger Throw","Acrobatics"],"picked":"Dodge and Roll","floor":10},{"not_picked":["PiercingWail","Deflect"],"picked":"Bane","floor":13},{"not_picked":["Expertise","Riddle With Holes"],"picked":"Deadly Poison","floor":14},{"not_picked":["Wraith Form v2","Bullet Time"],"picked":"Venomology","floor":16},{"not_picked":["Prepared","Backflip"],"picked":"Deflect+1","floor":18},{"not_picked":["Prepared","Quick Slash","Acrobatics"],"picked":"SKIP","floor":19},{"not_picked":["Slice","Prepared"],"picked":"Sucker Punch","floor":21},{"not_picked":["Prepared+1","Adrenaline"],"picked":"Crippling Poison","floor":22},{"not_picked":["Cloak And Dagger+1","Dodge and Roll"],"picked":"Bane","floor":25},{"not_picked":["Poisoned Stab","Dagger Throw"],"picked":"Bouncing Flask+1","floor":27},{"not_picked":["Dagger Spray","Cloak And Dagger"],"picked":"Noxious Fumes+1","floor":29},{"not_picked":["Blade Dance","Acrobatics+1"],"picked":"Footwork+1","floor":30},{"not_picked":["A Thousand Cuts","Bullet Time"],"picked":"Wraith Form v2","floor":33},{"not_picked":["All Out Attack+1","Endless Agony","PiercingWail"],"picked":"SKIP","floor":35},{"not_picked":["Dagger Spray","Expertise"],"picked":"Dash+1","floor":36},{"not_picked":["Blade Dance","Deadly Poison","Sucker Punch"],"picked":"SKIP","floor":37},{"not_picked":["Dark Shackles","Dramatic Entrance"],"picked":"Good Instincts","floor":39},{"not_picked":["Heel Hook+1","Deflect"],"picked":"Backflip+1","floor":45}],"player_experience":594513,"relics_obtained":[{"floor":7,"key":"Anchor"},{"floor":9,"key":"Pear"},{"floor":11,"key":"PreservedInsect"},{"floor":26,"key":"Meat on the Bone"},{"floor":27,"key":"StoneCalendar"},{"floor":30,"key":"Art of War"},{"floor":45,"key":"Ginger"},{"floor":48,"key":"Ice Cream"}],"event_choices":[{"cards_removed":["Strike_G"],"damage_healed":0,"gold_gain":0,"player_choice":"Took Card","damage_taken":0,"max_hp_gain":0,"max_hp_loss":0,"event_name":"NoteForYourself","floor":2,"gold_loss":0,"cards_obtained":["Strike_R"]},{"damage_healed":0,"gold_gain":175,"player_choice":"AGREE","damage_taken":0,"max_hp_gain":0,"max_hp_loss":0,"event_name":"Liars Game","floor":4,"gold_loss":0,"cards_obtained":["Doubt"]},{"damage_healed":0,"gold_gain":0,"player_choice":"Relic","damage_taken":0,"max_hp_gain":0,"max_hp_loss":0,"event_name":"Wheel of Change","floor":11,"gold_loss":0},{"damage_healed":0,"gold_gain":0,"player_choice":"Read","damage_taken":0,"max_hp_gain":0,"max_hp_loss":0,"event_name":"The Library","floor":24,"gold_loss":0,"cards_obtained":["Catalyst"]},{"damage_healed":0,"gold_gain":0,"player_choice":"Obtained Relic","damage_taken":0,"relics_obtained":["The Courier"],"max_hp_gain":0,"max_hp_loss":0,"event_name":"Addict","floor":31,"gold_loss":85},{"damage_healed":0,"gold_gain":0,"player_choice":"Ignored","damage_taken":0,"max_hp_gain":0,"max_hp_loss":0,"event_name":"Tomb of Lord Red Mask","floor":38,"gold_loss":0},{"damage_healed":0,"gold_gain":0,"player_choice":"Memory 1","damage_taken":0,"max_hp_gain":0,"max_hp_loss":0,"event_name":"SensoryStone","floor":39,"gold_loss":0},{"cards_removed":["Dash"],"damage_healed":0,"gold_gain":0,"player_choice":"Removed Attack","damage_taken":0,"max_hp_gain":0,"max_hp_loss":0,"event_name":"Falling","floor":42,"gold_loss":0},{"damage_healed":0,"gold_gain":0,"player_choice":"Fight","damage_taken":0,"max_hp_gain":0,"max_hp_loss":0,"event_name":"MindBloom","floor":48,"gold_loss":0}],"is_beta":false,"boss_relics":[{"not_picked":["Sozu","Philosopher\u0027s Stone"],"picked":"SacredBark"},{"not_picked":["HoveringKite","Runic Pyramid"],"picked":"Tiny House"}],"items_purged_floors":[8,20,41],"is_endless":false,"potions_floor_spawned":[3,5,16,19,22,27,30,33,37,48],"killed_by":"Awakened One","ascension_level":0}