{"gold_per_floor":[112,112,112,126,48,74,74,91,91,91,109,134,166,12,12,109,409,425,439,439,93,193,219,219,239,239,338,338,371,371,385,385,488,488,508,508,525,69,102,133,133,133,133,153,171,203,214,229,229,229,229,229,25,51,51],"floor_reached":56,"playtime":4938,"items_purged":["Strike_G","Strike_G","Strike_G"],"score":1277,"play_id":"1162b511-55d1-40df-9ca1-28c1010583f8","local_time":"20200502214645","is_ascension_mode":false,"campfire_choices":[{"data":"Noxious Fumes","floor":7.0,"key":"SMITH"},{"data":"Bouncing Flask","floor":10.0,"key":"SMITH"},{"floor":15.0,"key":"REST"},{"floor":24.0,"key":"REST"},{"data":"Enlightenment","floor":28.0,"key":"SMITH"},{"floor":30.0,"key":"RECALL"},{"data":"Leg Sweep","floor":32.0,"key":"SMITH"},{"floor":49.0,"key":"REST"},{"data":"Prepared","floor":52.0,"key":"SMITH"}],"neow_cost":"NONE","seed_source_timestamp":5046400948694564,"circlet_count":0,"master_deck":["Strike_G","Strike_G","Defend_G","Defend_G","Defend_G","Defend_G","Defend_G","Survivor","Neutralize+1","Noxious Fumes+1","Prepared+1","Bouncing Flask+1","Wraith Form v2+1","CurseOfTheBell","Leg Sweep+1","Flechettes+1","Enlightenment+1","Flechettes","Bane+1","Catalyst+1","Corpse Explosion","HandOfGreed","Noxious Fumes","Backflip+1","Dodge and Roll+1","Blur+1"],"special_seed":0,"relics":["Ring of the Snake","TungstenRod","Torii","Gremlin Horn","Odd Mushroom","Lizard Tail","Calling Bell","Oddly Smooth Stone","Eternal Feather","Old Coin","Sling","Regal Pillow","Pantograph","Bronze Scales","Black Star","Girya","CaptainsWheel","Gambling Chip","Art of War","Strawberry","Bottled Flame"],"potions_floor_usage":[55,55],"damage_taken":[{"damage":0.0,"enemies":"Cultist","floor":1.0,"turns":4.0},{"damage":0.0,"enemies":"2 Louse","floor":4.0,"turns":3.0},{"damage":20.0,"enemies":"3 Sentries","floor":6.0,"turns":8.0},{"damage":0.0,"enemies":"Jaw Worm","floor":8.0,"turns":3.0},{"damage":0.0,"enemies":"2 Fungi Beasts","floor":11.0,"turns":3.0},{"damage":5.0,"enemies":"The Mushroom Lair","floor":12.0,"turns":5.0},{"damage":31.0,"enemies":"Gremlin Nob","floor":13.0,"turns":5.0},{"damage":0.0,"enemies":"Hexaghost","floor":16.0,"turns":7.0},{"damage":16.0,"enemies":"2 Thieves","floor":18.0,"turns":5.0},{"damage":0.0,"enemies":"Shell Parasite","floor":19.0,"turns":5.0},{"damage":25.0,"enemies":"Gremlin Leader","floor":23.0,"turns":11.0},{"damage":0.0,"enemies":"Cultist and Chosen","floor":25.0,"turns":9.0},{"damage":0.0,"enemies":"Book of Stabbing","floor":29.0,"turns":6.0},{"damage":0.0,"enemies":"3 Cultists","floor":31.0,"turns":5.0},{"damage":47.0,"enemies":"Automaton","floor":33.0,"turns":9.0},{"damage":0.0,"enemies":"3 Shapes","floor":35.0,"turns":4.0},{"damage":27.0,"enemies":"Orb Walker","floor":37.0,"turns":6.0},{"damage":6.0,"enemies":"4 Shapes","floor":39.0,"turns":4.0},{"damage":18.0,"enemies":"Nemesis","floor":40.0,"turns":5.0},{"damage":6.0,"enemies":"Spire Growth","floor":44.0,"turns":5.0},{"damage":9.0,"enemies":"Transient","floor":45.0,"turns":5.0},{"damage":0.0,"enemies":"Sphere and 2 Shapes","floor":46.0,"turns":6.0},{"damage":0.0,"enemies":"3 Darklings","floor":47.0,"turns":4.0},{"damage":0.0,"enemies":"Jaw Worm Horde","floor":48.0,"turns":4.0},{"damage":57.0,"enemies":"Awakened One","floor":50.0,"turns":15.0},{"damage":53.0,"enemies":"Shield and Spear","floor":54.0,"turns":6.0},{"damage":85,"enemies":"The Heart","floor":55,"turns":12}],"seed_played":"-6081912172344758113","potions_obtained":[{"floor":8.0,"key":"CunningPotion"},{"floor":12.0,"key":"Regen Potion"},{"floor":16.0,"key":"DuplicationPotion"},{"floor":18.0,"key":"ColorlessPotion"},{"floor":25.0,"key":"SneckoOil"},{"floor":29.0,"key":"Explosive Potion"},{"floor":33.0,"key":"Regen Potion"},{"floor":39.0,"key":"Swift Potion"},{"floor":45.0,"key":"DuplicationPotion"},{"floor":46.0,"key":"GhostInAJar"},{"floor":47.0,"key":"SkillPotion"},{"floor":54.0,"key":"Weak Potion"}],"is_trial":false,"path_per_floor":["M","?","$","M","$","E","R","M","T","R","M","?","E","$","R","B",null,"M","M","?","$","?","E","R","M","T","?","R","E","R","M","R","B",null,"M","?","M","$","M","E","?","$","T","M","M","M","M","M","R","B",null,"R","$","E","B",null],"character_chosen":"THE_SILENT","items_purchased":["Regen Potion","EssenceOfSteel","Sling","Enlightenment","Noxious Fumes","Girya","Art of War","BlessingOfTheForge"],"campfire_rested":3,"item_purchase_floors":[5,14,21,21,38,38,53,53],"current_hp_per_floor":[70,37,37,37,37,32,32,32,32,32,32,27,10,10,31,31,70,54,54,42,42,42,17,63,63,63,63,72,72,75,75,75,28,75,75,75,48,48,56,38,38,38,38,32,23,23,23,23,75,18,75,75,75,29,11],"gold":51,"neow_bonus":"UPGRADE_CARD","is_prod":false,"is_daily":false,"chose_seed":false,"campfire_upgraded":5,"win_rate":0,"timestamp":1588484805,"path_taken":["M","?","$","M","$","E","R","M","T","R","M","?","E","?","R","BOSS","M","M","?","$","?","E","R","?","T","?","R","E","R","M","R","BOSS","M","?","M","$","M","E","?","$","T","M","M","?","M","M","R","BOSS","R","$","E","BOSS"],"build_version":"2020-01-27","purchased_purges":3,"victory":true,"max_hp_per_floor":[70,70,70,70,70,70,70,70,70,70,70,70,70,70,70,70,70,70,70,75,75,75,75,75,75,75,75,75,75,75,75,75,75,75,75,75,75,75,75,75,75,75,75,75,75,75,75,75,75,75,75,75,75,82,82],"card_choices":[{"not_picked":["Cloak And Dagger","Poisoned Stab"],"picked":"Noxious Fumes","floor":1.0},{"not_picked":["Flying Knee","PiercingWail","Choke"],"picked":"SKIP","floor":4.0},{"not_picked":["Caltrops","Deflect"],"picked":"Prepared","floor":6.0},{"not_picked":["Riddle With Holes","PiercingWail"],"picked":"Bouncing Flask","floor":8.0},{"not_picked":["Dagger Throw","Acrobatics","Poisoned Stab"],"picked":"SKIP","floor":11.0},{"not_picked":["After Image","Quick Slash","Acrobatics"],"picked":"SKIP","floor":13.0},{"not_picked":["Malaise","Unload"],"picked":"Wraith Form v2","floor":16.0},{"not_picked":["Underhanded Strike","Choke"],"picked":"Leg Sweep","floor":18.0},{"not_picked":["Finisher","Distraction"],"picked":"Flechettes+1","floor":19.0},{"not_picked":["Infinite Blades","Dagger Throw","Distraction"],"picked":"SKIP","floor":23.0},{"not_picked":["Blade Dance","Expertise+1"],"picked":"Flechettes","floor":25.0},{"not_picked":["Acrobatics","Deflect"],"picked":"Bane+1","floor":29.0},{"not_picked":["Backflip","Dagger Throw+1"],"picked":"Catalyst+1","floor":31.0},{"not_picked":["Grand Finale","Tools of the Trade"],"picked":"Corpse Explosion","floor":33.0},{"not_picked":["Heel Hook+1","Poisoned Stab","Blade Dance+1"],"picked":"SKIP","floor":35.0},{"not_picked":["Purity","PanicButton"],"picked":"HandOfGreed","floor":36.0},{"not_picked":["Masterful Stab","Backflip","Dagger Throw+1"],"picked":"SKIP","floor":37.0},{"not_picked":["Underhanded Strike+1","Accuracy+1"],"picked":"Backflip+1","floor":39.0},{"not_picked":["Reflex+1","Slice+1","Outmaneuver+1"],"picked":"SKIP","floor":40.0},{"not_picked":["Blade Dance","Slice","Predator"],"picked":"SKIP","floor":44.0},{"not_picked":["Endless Agony","Heel Hook"],"picked":"Dodge and Roll+1","floor":45.0},{"not_picked":["Flying Knee","Quick Slash+1","Outmaneuver+1"],"picked":"SKIP","floor":46.0},{"not_picked":["Predator+1","Leg Sweep"],"picked":"Blur+1","floor":47.0},{"not_picked":["Glass Knife","Quick Slash","Blade Dance+1"],"picked":"SKIP","floor":48.0},{"not_picked":["Bullet Time","Accuracy+1","Expertise+1"],"picked":"SKIP","floor":54.0}],"player_experience":608718,"relics_obtained":[{"floor":6.0,"key":"Torii"},{"floor":9.0,"key":"Gremlin Horn"},{"floor":12.0,"key":"Odd Mushroom"},{"floor":13.0,"key":"Lizard Tail"},{"floor":17.0,"key":"Oddly Smooth Stone"},{"floor":17.0,"key":"Eternal Feather"},{"floor":17.0,"key":"Old Coin"},{"floor":23.0,"key":"Regal Pillow"},{"floor":26.0,"key":"Pantograph"},{"floor":29.0,"key":"Bronze Scales"},{"floor":40.0,"key":"CaptainsWheel"},{"floor":40.0,"key":"Gambling Chip"},{"floor":54.0,"key":"Strawberry"},{"floor":54.0,"key":"Bottled Flame"}],"event_choices":[{"damage_healed":0.0,"max_hp_gain":0.0,"max_hp_loss":0.0,"gold_gain":0.0,"event_name":"Scrap Ooze","player_choice":"Success","floor":2.0,"gold_loss":0.0,"damage_taken":33.0,"relics_obtained":["TungstenRod"]},{"damage_healed":0.0,"max_hp_gain":0.0,"max_hp_loss":0.0,"gold_gain":0.0,"event_name":"Mushrooms","player_choice":"Fought Mushrooms","floor":12.0,"gold_loss":0.0,"damage_taken":0.0},{"damage_healed":0.0,"max_hp_gain":5.0,"max_hp_loss":0.0,"gold_gain":0.0,"event_name":"Forgotten Altar","player_choice":"Shed Blood","floor":20.0,"gold_loss":0.0,"damage_taken":18.0},{"damage_healed":0.0,"max_hp_gain":0.0,"max_hp_loss":0.0,"gold_gain":100.0,"event_name":"Golden Shrine","player_choice":"Pray","floor":22.0,"gold_loss":0.0,"damage_taken":0.0},{"damage_healed":0.0,"max_hp_gain":0.0,"max_hp_loss":0.0,"gold_gain":99.0,"event_name":"Nest","player_choice":"Stole From Cult","floor":27.0,"gold_loss":0.0,"damage_taken":0.0},{"damage_healed":0.0,"max_hp_gain":0.0,"max_hp_loss":0.0,"gold_gain":0.0,"event_name":"SensoryStone","player_choice":"Memory 1","floor":36.0,"gold_loss":0.0,"damage_taken":0.0},{"damage_healed":0.0,"max_hp_gain":0.0,"max_hp_loss":0.0,"gold_gain":0.0,"event_name":"Upgrade Shrine","player_choice":"Upgraded","floor":41.0,"gold_loss":0.0,"damage_taken":0.0,"cards_upgraded":["Wraith Form v2"]}],"is_beta":false,"boss_relics":[{"not_picked":["Coffee Dripper","SacredBark"],"picked":"Calling Bell"},{"not_picked":["Fusion Hammer","Runic Dome"],"picked":"Black Star"}],"items_purged_floors":[14,21,38],"is_endless":false,"potions_floor_spawned":[8,12,16,18,25,29,33,39,45,46,47,54],"ascension_level":0}