{"gold_per_floor":[217,217,227,74,87,119,119,138,138,162,176,194,194,41,41,140,140,154,172,172,188,202,233,233,263,334,128,128,146,21,31,31,127,127,147,160,207,207,57,57,89,106,106,122,122,141,141,167,167,167,167,167,14,49,49],"floor_reached":55,"playtime":4492,"items_purged":["Regret","Regret","Strike_G","Defend_G"],"score":744,"play_id":"e6e716f6-2793-4ab8-956b-8db990e65f55","local_time":"20200503154731","is_ascension_mode":false,"campfire_choices":[{"data":"1","floor":7.0,"key":"LIFT"},{"data":"Neutralize","floor":13.0,"key":"SMITH"},{"data":"2","floor":15.0,"key":"LIFT"},{"data":"3","floor":24.0,"key":"LIFT"},{"data":"Tools of the Trade","floor":28.0,"key":"SMITH"},{"floor":32.0,"key":"REST"},{"floor":40.0,"key":"RECALL"},{"data":"Terror","floor":45.0,"key":"SMITH"},{"data":"Expertise","floor":47.0,"key":"SMITH"},{"floor":49.0,"key":"REST"},{"data":"Riddle With Holes","floor":52.0,"key":"SMITH"}],"neow_cost":"NONE","seed_source_timestamp":5112912828419692,"circlet_count":0,"master_deck":["Strike_G","Strike_G","Strike_G","Strike_G","Defend_G","Defend_G","Defend_G","Defend_G","Survivor","Neutralize+1","Flying Knee","Outmaneuver","Sucker Punch","Noxious Fumes","Bane","Adrenaline","Footwork","Leg Sweep","Tools of the Trade+1","Expertise+1","Riddle With Holes+1","Riddle With Holes+1","Finisher","Backflip","Tactician+1","Blur","Bane+1","Leg Sweep","Doppelganger","Eviscerate+1","Terror+1","Riddle With Holes+1","Decay","Backflip+1","A Thousand Cuts+1","Wraith Form v2+1"],"special_seed":0,"relics":["Ring of the Snake","Vajra","Girya","Odd Mushroom","Lantern","Cursed Key","Nloth\u0027s Gift","Bottled Tornado","Mummified Hand","Molten Egg 2","SacredBark","Ice Cream","Pen Nib","Happy Flower","Frozen Egg 2","Centennial Puzzle","Toy Ornithopter"],"potions_floor_usage":[55],"damage_taken":[{"damage":0.0,"enemies":"Small Slimes","floor":1.0,"turns":3.0},{"damage":0.0,"enemies":"2 Louse","floor":3.0,"turns":2.0},{"damage":4.0,"enemies":"Cultist","floor":5.0,"turns":3.0},{"damage":28.0,"enemies":"Lagavulin","floor":6.0,"turns":7.0},{"damage":12.0,"enemies":"Gremlin Gang","floor":8.0,"turns":5.0},{"damage":0.0,"enemies":"The Mushroom Lair","floor":10.0,"turns":3.0},{"damage":0.0,"enemies":"Large Slime","floor":11.0,"turns":5.0},{"damage":2.0,"enemies":"Blue Slaver","floor":12.0,"turns":3.0},{"damage":6.0,"enemies":"Hexaghost","floor":16.0,"turns":11.0},{"damage":7.0,"enemies":"2 Thieves","floor":18.0,"turns":4.0},{"damage":0.0,"enemies":"Chosen","floor":19.0,"turns":6.0},{"damage":6.0,"enemies":"Snecko","floor":21.0,"turns":5.0},{"damage":0.0,"enemies":"3 Cultists","floor":22.0,"turns":4.0},{"damage":2.0,"enemies":"Slavers","floor":23.0,"turns":4.0},{"damage":4.0,"enemies":"Book of Stabbing","floor":25.0,"turns":5.0},{"damage":0.0,"enemies":"Centurion and Healer","floor":29.0,"turns":3.0},{"damage":13.0,"enemies":"Sentry and Sphere","floor":31.0,"turns":4.0},{"damage":33.0,"enemies":"Collector","floor":33.0,"turns":7.0},{"damage":13.0,"enemies":"Orb Walker","floor":35.0,"turns":4.0},{"damage":1.0,"enemies":"3 Shapes","floor":36.0,"turns":3.0},{"damage":23.0,"enemies":"2 Orb Walkers","floor":37.0,"turns":5.0},{"damage":1.0,"enemies":"Nemesis","floor":41.0,"turns":5.0},{"damage":0.0,"enemies":"Jaw Worm Horde","floor":42.0,"turns":3.0},{"damage":0.0,"enemies":"3 Darklings","floor":44.0,"turns":4.0},{"damage":0.0,"enemies":"Spire Growth","floor":46.0,"turns":3.0},{"damage":13.0,"enemies":"Reptomancer","floor":48.0,"turns":2.0},{"damage":27.0,"enemies":"Time Eater","floor":50.0,"turns":10.0},{"damage":41.0,"enemies":"Shield and Spear","floor":54.0,"turns":4.0},{"damage":36,"enemies":"The Heart","floor":55,"turns":5}],"seed_played":"-6584849385628686708","potions_obtained":[{"floor":5.0,"key":"Explosive Potion"},{"floor":6.0,"key":"Regen Potion"},{"floor":8.0,"key":"Regen Potion"},{"floor":11.0,"key":"Fire Potion"},{"floor":18.0,"key":"CunningPotion"},{"floor":23.0,"key":"LiquidBronze"},{"floor":31.0,"key":"BlessingOfTheForge"},{"floor":33.0,"key":"Swift Potion"},{"floor":36.0,"key":"SmokeBomb"},{"floor":42.0,"key":"AttackPotion"},{"floor":44.0,"key":"SkillPotion"},{"floor":48.0,"key":"SpeedPotion"},{"floor":54.0,"key":"CunningPotion"}],"is_trial":false,"path_per_floor":["M","?","M","$","M","E","R","M","T","?","M","M","R","$","R","B",null,"M","M","?","M","M","E","R","E","T","$","R","M","$","M","R","B",null,"M","M","?","?","$","R","E","M","T","M","R","M","R","E","R","B",null,"R","$","E","B"],"character_chosen":"THE_SILENT","items_purchased":["Regen Potion","Lantern","Blur","Bane+1","Centennial Puzzle"],"campfire_rested":2,"item_purchase_floors":[4,14,27,27,53],"current_hp_per_floor":[70,70,70,70,66,51,51,53,53,62,62,60,60,60,60,54,70,63,63,63,57,57,55,55,51,51,51,51,51,51,38,59,26,70,57,56,33,33,33,33,32,32,32,32,32,32,32,19,40,13,70,70,70,29,0],"gold":49,"neow_bonus":"HUNDRED_GOLD","is_prod":false,"is_daily":false,"chose_seed":false,"campfire_upgraded":5,"win_rate":0,"timestamp":1588492051,"path_taken":["M","?","M","$","M","E","R","M","T","?","M","M","R","$","R","BOSS","M","M","?","M","M","E","R","E","T","$","R","M","?","M","R","BOSS","M","?","?","?","$","R","E","?","T","M","R","M","R","E","R","BOSS","R","$","E","BOSS"],"build_version":"2020-01-27","purchased_purges":4,"victory":false,"max_hp_per_floor":[70,70,70,70,70,70,70,70,70,70,70,70,70,70,70,70,70,70,70,70,70,70,70,70,70,70,70,70,70,70,70,70,70,70,70,70,70,70,70,70,70,70,70,70,70,70,70,70,70,70,70,70,70,70,70],"card_choices":[{"not_picked":["Dagger Throw","PiercingWail"],"picked":"Flying Knee","floor":1.0},{"not_picked":["PiercingWail","Acrobatics"],"picked":"Outmaneuver","floor":3.0},{"not_picked":["Deadly Poison","Concentrate"],"picked":"Sucker Punch","floor":5.0},{"not_picked":["Quick Slash","Caltrops"],"picked":"Noxious Fumes","floor":6.0},{"not_picked":["Blade Dance","Flying Knee","Bane"],"picked":"SKIP","floor":8.0},{"not_picked":["Blade Dance","Flying Knee"],"picked":"Bane","floor":8.0},{"not_picked":["Outmaneuver","Backflip"],"picked":"Adrenaline","floor":10.0},{"not_picked":["Prepared","Distraction"],"picked":"Footwork","floor":11.0},{"not_picked":["Backflip","Deadly Poison"],"picked":"Leg Sweep","floor":12.0},{"not_picked":["Grand Finale","Wraith Form v2"],"picked":"Tools of the Trade","floor":16.0},{"not_picked":["Cloak And Dagger+1","Deflect"],"picked":"Expertise","floor":18.0},{"not_picked":["Dodge and Roll","Acrobatics"],"picked":"Riddle With Holes+1","floor":19.0},{"not_picked":["Bouncing Flask","Blade Dance"],"picked":"Riddle With Holes","floor":21.0},{"not_picked":["Underhanded Strike","Slice"],"picked":"Finisher","floor":22.0},{"not_picked":["A Thousand Cuts","Choke+1"],"picked":"Backflip","floor":23.0},{"not_picked":["Dodge and Roll","Night Terror"],"picked":"Tactician+1","floor":25.0},{"not_picked":["Flechettes+1","Corpse Explosion"],"picked":"Leg Sweep","floor":29.0},{"not_picked":["PiercingWail","Deadly Poison"],"picked":"Bane+1","floor":31.0},{"not_picked":["Die Die Die+1","Glass Knife+1"],"picked":"Doppelganger","floor":33.0},{"not_picked":["Poisoned Stab+1","Noxious Fumes+1"],"picked":"Eviscerate+1","floor":35.0},{"not_picked":["Acrobatics+1","Sucker Punch+1"],"picked":"Terror","floor":36.0},{"not_picked":["Flying Knee+1","Eviscerate+1"],"picked":"Riddle With Holes+1","floor":41.0},{"not_picked":["Choke+1","Bouncing Flask+1","Dagger Throw+1"],"picked":"SKIP","floor":42.0},{"not_picked":["Crippling Poison+1","Footwork+1"],"picked":"Backflip+1","floor":44.0},{"not_picked":["After Image","Poisoned Stab+1","Underhanded Strike+1"],"picked":"SKIP","floor":46.0},{"not_picked":["Dash+1","Finisher+1"],"picked":"A Thousand Cuts+1","floor":48.0},{"not_picked":["Cloak And Dagger+1","Venomology"],"picked":"Wraith Form v2+1","floor":54.0}],"player_experience":614689,"relics_obtained":[{"floor":6.0,"key":"Girya"},{"floor":9.0,"key":"HornCleat"},{"floor":10.0,"key":"Odd Mushroom"},{"floor":23.0,"key":"Bottled Tornado"},{"floor":25.0,"key":"Mummified Hand"},{"floor":26.0,"key":"Molten Egg 2"},{"floor":37.0,"key":"Ice Cream"},{"floor":41.0,"key":"Happy Flower"},{"floor":48.0,"key":"Frozen Egg 2"},{"floor":54.0,"key":"Toy Ornithopter"}],"event_choices":[{"damage_healed":0.0,"max_hp_gain":0.0,"max_hp_loss":0.0,"gold_gain":0.0,"event_name":"Big Fish","player_choice":"Box","floor":2.0,"gold_loss":0.0,"damage_taken":0.0,"relics_obtained":["Vajra"],"cards_obtained":["Regret"]},{"damage_healed":0.0,"max_hp_gain":0.0,"max_hp_loss":0.0,"gold_gain":0.0,"event_name":"Mushrooms","player_choice":"Fought Mushrooms","floor":10.0,"gold_loss":0.0,"damage_taken":0.0},{"damage_healed":0.0,"max_hp_gain":0.0,"max_hp_loss":0.0,"gold_gain":0.0,"event_name":"N\u0027loth","player_choice":"Traded Relic","floor":20.0,"relics_lost":["HornCleat"],"gold_loss":0.0,"damage_taken":0.0,"relics_obtained":["Nloth\u0027s Gift"]},{"damage_healed":0.0,"max_hp_gain":0.0,"max_hp_loss":0.0,"gold_gain":0.0,"event_name":"Mysterious Sphere","player_choice":"Fight","floor":37.0,"gold_loss":0.0,"damage_taken":0.0},{"cards_removed":["Bane"],"damage_healed":0.0,"max_hp_gain":0.0,"max_hp_loss":0.0,"gold_gain":0.0,"event_name":"WeMeetAgain","player_choice":"Gave Card","floor":38.0,"gold_loss":0.0,"damage_taken":0.0,"relics_obtained":["Pen Nib"]}],"is_beta":false,"boss_relics":[{"not_picked":["Runic Dome","HoveringKite"],"picked":"Cursed Key"},{"not_picked":["WristBlade","Fusion Hammer"],"picked":"SacredBark"}],"items_purged_floors":[4,27,30,39],"is_endless":false,"potions_floor_spawned":[5,6,8,11,18,23,31,33,36,42,44,48,54],"killed_by":"The Heart","ascension_level":0}