{"gold_per_floor":[117,42,59,69,69,97,97,47,47,47,81,99,111,130,130,231,231,198,213,233,243,168,168,168,168,241,90,90,90,102,114,126,138],"floor_reached":33,"playtime":3257,"items_purged":["Defend_G"],"score":255,"play_id":"53408945-a1e8-44c1-adff-e2b8b977c0ae","local_time":"20200501131801","is_ascension_mode":false,"campfire_choices":[{"data":"Glass Knife","floor":7.0,"key":"SMITH"},{"data":"Sucker Punch","floor":15.0,"key":"SMITH"},{"floor":23.0,"key":"REST"},{"floor":30.0,"key":"REST"},{"floor":32.0,"key":"RECALL"}],"neow_cost":"NONE","seed_source_timestamp":4932689043432205,"circlet_count":0,"master_deck":["Strike_G","Strike_G","Strike_G","Strike_G","Defend_G","Defend_G","Defend_G","Survivor","Neutralize+1","Dodge and Roll","Backstab","Glass Knife+1","Footwork","Prepared","Sucker Punch+1","Acrobatics","Prepared","A Thousand Cuts","Reflex+1","Crippling Poison","Masterful Stab","Terror+1","Backflip"],"special_seed":0,"relics":["Ring of the Snake","Bottled Flame","Ice Cream","Juzu Bracelet","Black Star","Nloth\u0027s Gift","Pantograph","Sling","MawBank","Bottled Tornado"],"potions_floor_usage":[33],"damage_taken":[{"damage":0.0,"enemies":"2 Louse","floor":1.0,"turns":3.0},{"damage":4.0,"enemies":"Jaw Worm","floor":3.0,"turns":5.0},{"damage":0.0,"enemies":"Small Slimes","floor":4.0,"turns":2.0},{"damage":10.0,"enemies":"Lagavulin","floor":6.0,"turns":5.0},{"damage":11.0,"enemies":"3 Sentries","floor":11.0,"turns":9.0},{"damage":0.0,"enemies":"Gremlin Gang","floor":12.0,"turns":4.0},{"damage":6.0,"enemies":"Lots of Slimes","floor":13.0,"turns":5.0},{"damage":8.0,"enemies":"Large Slime","floor":14.0,"turns":5.0},{"damage":7.0,"enemies":"Hexaghost","floor":16.0,"turns":11.0},{"damage":16.0,"enemies":"2 Thieves","floor":18.0,"turns":5.0},{"damage":4.0,"enemies":"Shell Parasite","floor":19.0,"turns":9.0},{"damage":28.0,"enemies":"3 Cultists","floor":20.0,"turns":6.0},{"damage":20.0,"enemies":"Centurion and Healer","floor":21.0,"turns":6.0},{"damage":68,"enemies":"Automaton","floor":33,"turns":12}],"seed_played":"-6446509273817944895","potions_obtained":[{"floor":3.0,"key":"FearPotion"},{"floor":6.0,"key":"SteroidPotion"},{"floor":12.0,"key":"SteroidPotion"},{"floor":13.0,"key":"ColorlessPotion"},{"floor":16.0,"key":"FearPotion"},{"floor":19.0,"key":"PowerPotion"},{"floor":21.0,"key":"GamblersBrew"}],"is_trial":false,"path_per_floor":["M","$","M","M","?","E","R","?","T","?","E","M","M","M","R","B",null,"M","M","M","M","?","R","?","?","T","$","?","?","R","T","R","B"],"character_chosen":"THE_SILENT","items_purchased":["Sling"],"campfire_rested":2,"item_purchase_floors":[27],"current_hp_per_floor":[70,70,66,66,66,56,56,56,56,56,45,45,39,31,31,24,70,54,50,22,2,2,23,23,23,23,23,23,23,44,44,44,1],"gold":138,"neow_bonus":"THREE_CARDS","is_prod":false,"is_daily":false,"chose_seed":false,"campfire_upgraded":2,"win_rate":0,"timestamp":1588367881,"path_taken":["M","$","M","M","?","E","R","?","T","?","E","M","M","M","R","BOSS","M","M","M","M","?","R","?","?","T","$","?","?","R","?","R","BOSS"],"build_version":"2020-01-27","purchased_purges":1,"victory":false,"max_hp_per_floor":[70,70,70,70,70,70,70,70,70,70,70,70,70,70,70,70,70,70,70,70,70,70,70,70,70,70,70,70,70,70,70,70,70],"card_choices":[{"not_picked":["Endless Agony","Escape Plan"],"picked":"Dodge and Roll","floor":0.0},{"not_picked":["Deflect","Concentrate","Underhanded Strike"],"picked":"SKIP","floor":1.0},{"not_picked":["Slice","Flying Knee"],"picked":"Backstab","floor":3.0},{"not_picked":["Deflect","Skewer"],"picked":"Glass Knife","floor":4.0},{"not_picked":["Reflex","Caltrops"],"picked":"Footwork","floor":6.0},{"not_picked":["PiercingWail","Deflect"],"picked":"Prepared","floor":11.0},{"not_picked":["Slice","Bane"],"picked":"Sucker Punch","floor":12.0},{"not_picked":["Flechettes","Eviscerate","Predator"],"picked":"SKIP","floor":12.0},{"not_picked":["Flechettes","Eviscerate","Predator"],"picked":"SKIP","floor":12.0},{"not_picked":["Bane","Die Die Die"],"picked":"Acrobatics","floor":13.0},{"not_picked":["Bouncing Flask","Expertise","Riddle With Holes"],"picked":"SKIP","floor":13.0},{"not_picked":["Distraction","Dagger Throw"],"picked":"Prepared","floor":14.0},{"not_picked":["Finisher","Dagger Spray","Escape Plan"],"picked":"SKIP","floor":14.0},{"not_picked":["Die Die Die","Phantasmal Killer"],"picked":"A Thousand Cuts","floor":16.0},{"not_picked":["Finisher","Dagger Throw+1"],"picked":"Reflex+1","floor":18.0},{"not_picked":["Eviscerate","Blade Dance"],"picked":"Crippling Poison","floor":18.0},{"not_picked":["Finisher+1","Poisoned Stab+1"],"picked":"Masterful Stab","floor":19.0},{"not_picked":["Finisher","Quick Slash","PiercingWail"],"picked":"SKIP","floor":19.0},{"not_picked":["A Thousand Cuts","Outmaneuver+1"],"picked":"Terror+1","floor":20.0},{"not_picked":["Outmaneuver","Dagger Throw","PiercingWail"],"picked":"SKIP","floor":20.0},{"not_picked":["Dodge and Roll+1","Bane+1"],"picked":"Backflip","floor":21.0},{"not_picked":["Backflip","Blade Dance","PiercingWail"],"picked":"SKIP","floor":21.0}],"player_experience":597684,"relics_obtained":[{"floor":6.0,"key":"Prayer Wheel"},{"floor":9.0,"key":"Bottled Flame"},{"floor":11.0,"key":"Juzu Bracelet"},{"floor":26.0,"key":"Pantograph"},{"floor":31.0,"key":"Bottled Tornado"}],"event_choices":[{"damage_healed":0.0,"max_hp_gain":0.0,"max_hp_loss":0.0,"gold_gain":0.0,"event_name":"Living Wall","player_choice":"Grow","floor":5.0,"gold_loss":0.0,"damage_taken":0.0,"cards_upgraded":["Neutralize"]},{"cards_removed":["Strike_G"],"damage_healed":0.0,"max_hp_gain":0.0,"max_hp_loss":0.0,"gold_gain":0.0,"event_name":"The Cleric","player_choice":"Card Removal","floor":8.0,"gold_loss":50.0,"damage_taken":0.0},{"damage_healed":0.0,"max_hp_gain":0.0,"max_hp_loss":0.0,"gold_gain":0.0,"event_name":"Big Fish","player_choice":"Box","floor":10.0,"gold_loss":0.0,"damage_taken":0.0,"relics_obtained":["Ice Cream"],"cards_obtained":["Regret"]},{"cards_removed":["Defend_G"],"damage_healed":0.0,"max_hp_gain":0.0,"max_hp_loss":0.0,"gold_gain":0.0,"event_name":"Beggar","player_choice":"Gave Gold","floor":22.0,"gold_loss":75.0,"damage_taken":0.0},{"damage_healed":0.0,"max_hp_gain":0.0,"max_hp_loss":0.0,"gold_gain":0.0,"event_name":"N\u0027loth","player_choice":"Traded Relic","floor":24.0,"relics_lost":["Prayer Wheel"],"gold_loss":0.0,"damage_taken":0.0,"relics_obtained":["Nloth\u0027s Gift"]},{"cards_removed":["Regret"],"damage_healed":0.0,"max_hp_gain":0.0,"max_hp_loss":0.0,"gold_gain":0.0,"event_name":"Purifier","player_choice":"Purged","floor":25.0,"gold_loss":0.0,"damage_taken":0.0},{"damage_healed":0.0,"max_hp_gain":0.0,"max_hp_loss":0.0,"gold_gain":0.0,"event_name":"Ghosts","player_choice":"Ignored","floor":28.0,"gold_loss":0.0,"damage_taken":0.0},{"damage_healed":0.0,"max_hp_gain":0.0,"max_hp_loss":0.0,"gold_gain":0.0,"event_name":"The Mausoleum","player_choice":"Opened","floor":29.0,"gold_loss":0.0,"damage_taken":0.0,"relics_obtained":["MawBank"]}],"is_beta":false,"boss_relics":[{"not_picked":["Ectoplasm","Snecko Eye"],"picked":"Black Star"}],"items_purged_floors":[2],"is_endless":false,"potions_floor_spawned":[3,6,12,13,16,19,21],"killed_by":"Automaton","ascension_level":0}