{"gold_per_floor":[118,118,143,171,183,195,219,263,300,326,338,350],"floor_reached":12,"playtime":766,"items_purged":[],"score":80,"play_id":"52ac8f6e-f876-4e6a-8584-5d9bea3404db","local_time":"20200429080433","is_ascension_mode":false,"campfire_choices":[{"data":"Neutralize","floor":6.0,"key":"SMITH"},{"floor":11.0,"key":"REST"}],"neow_cost":"NONE","seed_source_timestamp":4743686365699693,"circlet_count":0,"master_deck":["Strike_G","Strike_G","Strike_G","Strike_G","Strike_G","Defend_G","Defend_G","Defend_G","Defend_G","Defend_G","Survivor","Neutralize+1","Blade Dance","Cloak And Dagger","Acrobatics","Predator","Dodge and Roll"],"special_seed":0,"relics":["Ring of the Snake","MawBank","Juzu Bracelet","Bag of Preparation"],"potions_floor_usage":[],"damage_taken":[{"damage":0.0,"enemies":"Cultist","floor":1.0,"turns":3.0},{"damage":10.0,"enemies":"Small Slimes","floor":3.0,"turns":4.0},{"damage":0.0,"enemies":"2 Louse","floor":4.0,"turns":3.0},{"damage":11.0,"enemies":"Large Slime","floor":7.0,"turns":9.0},{"damage":10.0,"enemies":"3 Sentries","floor":8.0,"turns":10.0},{"damage":4.0,"enemies":"2 Fungi Beasts","floor":10.0,"turns":4.0},{"damage":37,"enemies":"Gremlin Nob","floor":12,"turns":5}],"seed_played":"-7891474378874605851","potions_obtained":[{"floor":1.0,"key":"SpeedPotion"},{"floor":4.0,"key":"PowerPotion"},{"floor":5.0,"key":"EntropicBrew"},{"floor":5.0,"key":"BlessingOfTheForge"}],"is_trial":false,"path_per_floor":["M","?","M","M","?","R","M","E","T","M","R","E"],"character_chosen":"THE_SILENT","items_purchased":[],"campfire_rested":1,"item_purchase_floors":[],"current_hp_per_floor":[70,58,48,48,48,48,37,27,27,23,44,7],"gold":350,"neow_bonus":"THREE_CARDS","is_prod":false,"is_daily":false,"chose_seed":false,"campfire_upgraded":1,"win_rate":0,"timestamp":1588176273,"path_taken":["M","?","M","M","?","R","M","E","T","M","R","E"],"build_version":"2020-01-27","purchased_purges":0,"victory":false,"max_hp_per_floor":[70,70,70,70,70,70,70,70,70,70,70,70],"card_choices":[{"not_picked":["Sucker Punch","Outmaneuver"],"picked":"Blade Dance","floor":0.0},{"not_picked":["Concentrate","Backflip"],"picked":"Cloak And Dagger","floor":1.0},{"not_picked":["Backstab","Flechettes","Predator"],"picked":"SKIP","floor":3.0},{"not_picked":["Backstab","Flechettes","Predator"],"picked":"SKIP","floor":3.0},{"not_picked":["Setup","Cloak And Dagger"],"picked":"Acrobatics","floor":4.0},{"not_picked":["Dagger Spray","Dagger Throw","Choke"],"picked":"SKIP","floor":7.0},{"not_picked":["Slice","Underhanded Strike"],"picked":"Predator","floor":8.0},{"not_picked":["Caltrops","Flechettes"],"picked":"Dodge and Roll","floor":10.0}],"player_experience":584317,"relics_obtained":[{"floor":8.0,"key":"Juzu Bracelet"},{"floor":9.0,"key":"Bag of Preparation"}],"event_choices":[{"damage_healed":0.0,"max_hp_gain":0.0,"max_hp_loss":0.0,"gold_gain":0.0,"event_name":"Scrap Ooze","player_choice":"Success","floor":2.0,"gold_loss":0.0,"damage_taken":12.0,"relics_obtained":["MawBank"]},{"damage_healed":0.0,"max_hp_gain":0.0,"max_hp_loss":0.0,"gold_gain":0.0,"event_name":"Lab","player_choice":"Got Potions","floor":5.0,"gold_loss":0.0,"damage_taken":0.0}],"is_beta":false,"boss_relics":[],"items_purged_floors":[],"is_endless":false,"potions_floor_spawned":[1,4],"killed_by":"Gremlin Nob","ascension_level":0}