{"gold_per_floor":[118,19,19,38,51,91,91,6,6,6,20,41,56,77,77,205,205,220,220,24,24,38,38,56,71,95,95,130,154,27,27,27,155,218,232,250,250,263,34,34,34,34,60,74,89,39,53,53,53,53],"floor_reached":50,"playtime":4373,"items_purged":["Defend_G","Injury","Strike_G","Prepared","Strike_G"],"score":493,"play_id":"d8963dc1-bd99-4d40-94b8-33e12d665eca","local_time":"20200504212024","is_ascension_mode":false,"campfire_choices":[{"floor":7.0,"key":"REST"},{"data":"Neutralize","floor":10.0,"key":"SMITH"},{"floor":15.0,"key":"REST"},{"data":"Terror","floor":23.0,"key":"SMITH"},{"data":"Reflex","floor":27.0,"key":"SMITH"},{"data":"All Out Attack","floor":32.0,"key":"SMITH"},{"data":"Phantasmal Killer","floor":40.0,"key":"SMITH"},{"floor":42.0,"key":"RECALL"},{"data":"Reflex","floor":49.0,"key":"SMITH"}],"neow_cost":"NONE","seed_source_timestamp":5219581833369436,"circlet_count":0,"master_deck":["Strike_G","Strike_G","Defend_G","Defend_G+1","Defend_G","Survivor","Neutralize+1","Blur","Underhanded Strike","All Out Attack+1","Blur","Underhanded Strike","Tools of the Trade","Terror+1","Reflex+1","Deadly Poison+1","Reflex+1","Phantasmal Killer+1","Underhanded Strike+1","Acrobatics","Footwork","Prepared","All Out Attack","Underhanded Strike+1","Terror+1","Tactician+1"],"special_seed":0,"relics":["Ring of the Snake","Golden Idol","Smiling Mask","Velvet Choker","White Beast Statue","Medical Kit","Bronze Scales","MealTicket","Dream Catcher","Tiny House","Lantern","Centennial Puzzle"],"potions_floor_usage":[50,50],"damage_taken":[{"damage":0.0,"enemies":"Jaw Worm","floor":1.0,"turns":6.0},{"damage":2.0,"enemies":"Cultist","floor":4.0,"turns":6.0},{"damage":2.0,"enemies":"2 Louse","floor":5.0,"turns":4.0},{"damage":50.0,"enemies":"Gremlin Nob","floor":6.0,"turns":6.0},{"damage":6.0,"enemies":"Looter","floor":11.0,"turns":4.0},{"damage":7.0,"enemies":"Gremlin Gang","floor":12.0,"turns":5.0},{"damage":3.0,"enemies":"Exordium Thugs","floor":13.0,"turns":6.0},{"damage":0.0,"enemies":"Large Slime","floor":14.0,"turns":5.0},{"damage":24.0,"enemies":"The Guardian","floor":16.0,"turns":22.0},{"damage":0.0,"enemies":"Chosen","floor":18.0,"turns":8.0},{"damage":14.0,"enemies":"2 Thieves","floor":22.0,"turns":5.0},{"damage":6.0,"enemies":"Snake Plant","floor":24.0,"turns":4.0},{"damage":0.0,"enemies":"3 Cultists","floor":25.0,"turns":6.0},{"damage":9.0,"enemies":"Gremlin Leader","floor":28.0,"turns":6.0},{"damage":0.0,"enemies":"Snecko","floor":29.0,"turns":4.0},{"damage":0.0,"enemies":"Cultist and Chosen","floor":31.0,"turns":4.0},{"damage":33.0,"enemies":"Automaton","floor":33.0,"turns":11.0},{"damage":17.0,"enemies":"Orb Walker","floor":35.0,"turns":4.0},{"damage":7.0,"enemies":"3 Darklings","floor":36.0,"turns":6.0},{"damage":3.0,"enemies":"Transient","floor":38.0,"turns":5.0},{"damage":12.0,"enemies":"Maw","floor":44.0,"turns":7.0},{"damage":12.0,"enemies":"3 Darklings","floor":45.0,"turns":5.0},{"damage":4.0,"enemies":"Transient","floor":47.0,"turns":5.0},{"damage":63,"enemies":"Donu and Deca","floor":50,"turns":6}],"seed_played":"-3348332047012731662","potions_obtained":[{"floor":5.0,"key":"CunningPotion"},{"floor":11.0,"key":"Dexterity Potion"},{"floor":13.0,"key":"Energy Potion"},{"floor":16.0,"key":"Weak Potion"},{"floor":18.0,"key":"GhostInAJar"},{"floor":22.0,"key":"EssenceOfSteel"},{"floor":24.0,"key":"SmokeBomb"},{"floor":25.0,"key":"ColorlessPotion"},{"floor":28.0,"key":"FearPotion"},{"floor":29.0,"key":"SmokeBomb"},{"floor":33.0,"key":"Energy Potion"},{"floor":34.0,"key":"Energy Potion"},{"floor":35.0,"key":"EssenceOfSteel"},{"floor":45.0,"key":"LiquidBronze"},{"floor":47.0,"key":"FearPotion"}],"is_trial":false,"path_per_floor":["M","$","?","M","M","E","R","$","T","R","M","M","M","M","R","B",null,"M","?","$","T","M","R","M","M","T","R","E","M","$","M","R","B",null,"M","M","?","M","$","R","?","R","T","M","M","$","M","?","R","B"],"character_chosen":"THE_SILENT","items_purchased":["Underhanded Strike","Blur","Medical Kit","Reflex","Lantern","All Out Attack"],"campfire_rested":2,"item_purchase_floors":[2,8,20,30,39,39],"current_hp_per_floor":[70,70,70,68,66,16,37,37,37,37,31,24,21,21,42,18,70,70,70,70,70,56,56,50,50,50,50,41,41,56,56,56,23,75,58,51,51,48,63,63,63,63,63,51,39,54,50,50,50,0],"gold":53,"neow_bonus":"REMOVE_CARD","is_prod":false,"is_daily":false,"chose_seed":false,"campfire_upgraded":6,"win_rate":0,"timestamp":1588598424,"path_taken":["M","$","?","M","M","E","R","?","T","R","M","M","?","M","R","BOSS","M","?","$","?","?","R","M","M","T","R","E","M","$","M","R","BOSS","M","M","?","M","$","R","?","R","T","M","M","$","M","?","R","BOSS"],"build_version":"2020-01-27","purchased_purges":5,"victory":false,"max_hp_per_floor":[70,70,70,70,70,70,70,70,70,70,70,70,70,70,70,70,70,70,70,70,70,70,70,70,70,70,70,70,70,70,70,70,70,75,75,75,75,75,75,75,75,75,75,75,75,75,75,75,75,75],"card_choices":[{"not_picked":["Blade Dance","Acrobatics"],"picked":"Blur","floor":1.0},{"not_picked":["Poisoned Stab","Deadly Poison","Cloak And Dagger"],"picked":"SKIP","floor":4.0},{"not_picked":["Choke","Slice"],"picked":"All Out Attack","floor":5.0},{"not_picked":["Acrobatics","Quick Slash"],"picked":"Footwork","floor":6.0},{"not_picked":["Backflip","Dagger Throw"],"picked":"Underhanded Strike","floor":11.0},{"not_picked":["Bane","Dash"],"picked":"Prepared","floor":12.0},{"not_picked":["Slice","Underhanded Strike","Flying Knee"],"picked":"SKIP","floor":13.0},{"not_picked":["Unload","Concentrate","Outmaneuver"],"picked":"SKIP","floor":14.0},{"not_picked":["Die Die Die","After Image"],"picked":"Tools of the Trade","floor":16.0},{"not_picked":["Poisoned Stab+1","Underhanded Strike"],"picked":"Terror","floor":18.0},{"not_picked":["Finisher","Noxious Fumes+1","Flying Knee+1"],"picked":"SKIP","floor":22.0},{"not_picked":["Finisher","Crippling Poison+1"],"picked":"Reflex","floor":24.0},{"not_picked":["Poisoned Stab","Dodge and Roll","Setup"],"picked":"SKIP","floor":25.0},{"not_picked":["Blade Dance","Choke"],"picked":"Deadly Poison+1","floor":28.0},{"not_picked":["Prepared","Sucker Punch","Choke+1"],"picked":"SKIP","floor":29.0},{"not_picked":["Envenom","Adrenaline"],"picked":"Phantasmal Killer","floor":33.0},{"not_picked":["Dodge and Roll+1","Dagger Throw"],"picked":"Underhanded Strike+1","floor":34.0},{"not_picked":["Underhanded Strike+1","Tactician"],"picked":"Acrobatics","floor":35.0},{"not_picked":["Blade Dance+1","Dagger Spray"],"picked":"Footwork","floor":36.0},{"not_picked":["Blade Dance+1","Dagger Spray"],"picked":"Prepared","floor":38.0},{"not_picked":["Cloak And Dagger","Sucker Punch"],"picked":"Underhanded Strike+1","floor":44.0},{"not_picked":["Distraction","Choke"],"picked":"Terror+1","floor":45.0},{"not_picked":["Dodge and Roll+1","Setup"],"picked":"Tactician+1","floor":47.0}],"player_experience":626309,"relics_obtained":[{"floor":6.0,"key":"Smiling Mask"},{"floor":21.0,"key":"Bronze Scales"},{"floor":26.0,"key":"MealTicket"},{"floor":28.0,"key":"Dream Catcher"},{"floor":43.0,"key":"Centennial Puzzle"}],"event_choices":[{"damage_healed":0.0,"max_hp_gain":0.0,"max_hp_loss":0.0,"gold_gain":0.0,"event_name":"Golden Idol","player_choice":"Take Wound","floor":3.0,"gold_loss":0.0,"damage_taken":0.0,"relics_obtained":["Golden Idol"],"cards_obtained":["Injury"]},{"damage_healed":0.0,"max_hp_gain":0.0,"max_hp_loss":0.0,"gold_gain":0.0,"event_name":"WeMeetAgain","player_choice":"Gave Potion","floor":19.0,"gold_loss":0.0,"damage_taken":0.0,"relics_obtained":["White Beast Statue"]},{"damage_healed":0.0,"max_hp_gain":0.0,"max_hp_loss":0.0,"gold_gain":0.0,"event_name":"Mysterious Sphere","player_choice":"Ignored","floor":37.0,"gold_loss":0.0,"damage_taken":0.0},{"cards_removed":["Footwork"],"damage_healed":0.0,"max_hp_gain":0.0,"max_hp_loss":0.0,"gold_gain":0.0,"event_name":"Falling","player_choice":"Removed Power","floor":41.0,"gold_loss":0.0,"damage_taken":0.0},{"cards_removed":["Defend_G"],"damage_healed":0.0,"max_hp_gain":0.0,"max_hp_loss":0.0,"gold_gain":0.0,"event_name":"Purifier","player_choice":"Purged","floor":48.0,"gold_loss":0.0,"damage_taken":0.0}],"is_beta":false,"boss_relics":[{"not_picked":["Busted Crown","SlaversCollar"],"picked":"Velvet Choker"},{"not_picked":["Ring of the Serpent","Runic Dome"],"picked":"Tiny House"}],"items_purged_floors":[2,8,20,30,46],"is_endless":false,"potions_floor_spawned":[5,11,13,16,18,22,24,25,28,29,31,33,35,36,38,44,45,47],"killed_by":"Donu and Deca","ascension_level":0}