{"gold_per_floor":[117,42,52,52,68,68,83,93,148,163,163,163,193,208,208,308,308,288,43,43,43,62,62,62,72,153,153,153,166,16,51,51,151,151,162,162,180,194,194,223,223,241,266,266,316,46,101,130,130,130,130,130,7,41,41],"floor_reached":55,"playtime":4360,"items_purged":["Strike_G","Defend_G","Pain"],"score":770,"play_id":"d8546a19-23b2-441a-95cd-0f43fedb7b93","local_time":"20200513160143","is_ascension_mode":false,"campfire_choices":[{"data":"Neutralize","floor":6.0,"key":"SMITH"},{"floor":15.0,"key":"REST"},{"data":"Terror","floor":23.0,"key":"SMITH"},{"floor":32.0,"key":"REST"},{"floor":41.0,"key":"RECALL"},{"data":"Masterful Stab","floor":44.0,"key":"SMITH"},{"data":"Dash","floor":49.0,"key":"SMITH"},{"data":"Survivor","floor":52.0,"key":"SMITH"}],"neow_cost":"NONE","seed_source_timestamp":5977501960894769,"circlet_count":0,"master_deck":["Strike_G","Strike_G","Strike_G","Defend_G","Defend_G","Defend_G","Survivor+1","Neutralize+1","Deadly Poison","Dash+1","Sucker Punch","Terror+1","Blur","Blur","Corpse Explosion","Masterful Stab+1","Envenom+1","Backflip+1","Strike_G","A Thousand Cuts+1","Flechettes","Acrobatics+1","Burst+1","Deadly Poison+1","Parasite","Dash+1","After Image+1","Dash+1","Parasite","Blur+1"],"special_seed":0,"relics":["Ring of the Snake","Frozen Egg 2","HoveringKite","Lantern","Bag of Preparation","Question Card","Bottled Flame","Toxic Egg 2","Snake Skull","Tiny Chest","Cursed Key","Singing Bowl","Regal Pillow","The Specimen","PreservedInsect","Vajra","Pen Nib","Ninja Scroll"],"potions_floor_usage":[55,55],"damage_taken":[{"damage":0.0,"enemies":"Small Slimes","floor":1.0,"turns":3.0},{"damage":1.0,"enemies":"Cultist","floor":3.0,"turns":4.0},{"damage":1.0,"enemies":"Jaw Worm","floor":5.0,"turns":3.0},{"damage":3.0,"enemies":"Lots of Slimes","floor":7.0,"turns":4.0},{"damage":13.0,"enemies":"Exordium Thugs","floor":8.0,"turns":7.0},{"damage":2.0,"enemies":"Exordium Wildlife","floor":10.0,"turns":3.0},{"damage":23.0,"enemies":"Gremlin Nob","floor":13.0,"turns":6.0},{"damage":12.0,"enemies":"2 Fungi Beasts","floor":14.0,"turns":3.0},{"damage":4.0,"enemies":"The Guardian","floor":16.0,"turns":12.0},{"damage":14.0,"enemies":"2 Thieves","floor":18.0,"turns":4.0},{"damage":0.0,"enemies":"Spheric Guardian","floor":22.0,"turns":5.0},{"damage":4.0,"enemies":"Centurion and Healer","floor":25.0,"turns":7.0},{"damage":6.0,"enemies":"Snake Plant","floor":29.0,"turns":4.0},{"damage":46.0,"enemies":"Slavers","floor":31.0,"turns":5.0},{"damage":21.0,"enemies":"Collector","floor":33.0,"turns":6.0},{"damage":0.0,"enemies":"3 Shapes","floor":35.0,"turns":4.0},{"damage":0.0,"enemies":"Orb Walker","floor":37.0,"turns":4.0},{"damage":16.0,"enemies":"Writhing Mass","floor":38.0,"turns":6.0},{"damage":0.0,"enemies":"Giant Head","floor":40.0,"turns":7.0},{"damage":0.0,"enemies":"4 Shapes","floor":42.0,"turns":3.0},{"damage":3.0,"enemies":"Mind Bloom Boss Battle","floor":45.0,"turns":8.0},{"damage":0.0,"enemies":"Reptomancer","floor":48.0,"turns":4.0},{"damage":43.0,"enemies":"Donu and Deca","floor":50.0,"turns":7.0},{"damage":20.0,"enemies":"Shield and Spear","floor":54.0,"turns":4.0},{"damage":53,"enemies":"The Heart","floor":55,"turns":8}],"seed_played":"-8387629802595173014","potions_obtained":[{"floor":3.0,"key":"Poison Potion"},{"floor":5.0,"key":"CultistPotion"},{"floor":8.0,"key":"ColorlessPotion"},{"floor":14.0,"key":"DuplicationPotion"},{"floor":22.0,"key":"EntropicBrew"},{"floor":25.0,"key":"Regen Potion"},{"floor":31.0,"key":"GamblersBrew"},{"floor":40.0,"key":"SkillPotion"},{"floor":42.0,"key":"Fire Potion"},{"floor":48.0,"key":"Energy Potion"}],"is_trial":false,"path_per_floor":["M","$","M","$","M","R","M","M","T","M","?","?","E","M","R","B",null,"M","$","?","?","M","R","T","M","T","T","?","M","$","E","R","B",null,"M","?","M","M","?","E","R","M","T","R","?","$","T","E","R","B",null,"R","$","E","B"],"character_chosen":"THE_SILENT","items_purchased":["Lantern","Snake Skull","PreservedInsect","Ancient Potion","Dexterity Potion"],"campfire_rested":2,"item_purchase_floors":[19,30,46,53,53],"current_hp_per_floor":[70,70,69,69,68,68,65,52,52,50,50,50,27,15,36,32,70,56,56,56,56,56,56,56,52,52,52,52,46,46,14,35,14,70,70,70,70,54,54,54,54,54,54,54,51,51,51,51,51,8,70,70,70,52,0],"gold":41,"neow_bonus":"THREE_CARDS","is_prod":false,"is_daily":false,"chose_seed":false,"campfire_upgraded":5,"win_rate":0,"timestamp":1589356903,"path_taken":["M","$","M","$","M","R","M","M","T","M","?","?","E","M","R","BOSS","M","$","?","?","?","R","?","M","T","?","?","M","$","E","R","BOSS","M","?","M","M","?","E","R","M","T","R","?","$","?","E","R","BOSS","R","$","E","BOSS"],"build_version":"2020-01-27","purchased_purges":3,"victory":false,"max_hp_per_floor":[70,70,70,70,70,70,70,70,70,70,70,70,70,70,70,70,70,70,70,70,70,70,70,70,70,70,70,70,70,70,70,70,70,70,70,70,70,70,70,70,70,70,70,70,70,70,70,70,70,70,70,70,70,72,72],"card_choices":[{"not_picked":["Tactician","Outmaneuver"],"picked":"Deadly Poison","floor":0.0},{"not_picked":["Cloak And Dagger","Underhanded Strike"],"picked":"Dash","floor":1.0},{"not_picked":["Distraction","Outmaneuver"],"picked":"Sucker Punch","floor":3.0},{"not_picked":["Poisoned Stab","Reflex"],"picked":"Terror","floor":5.0},{"not_picked":["Dodge and Roll","Endless Agony","Deflect"],"picked":"SKIP","floor":7.0},{"not_picked":["Underhanded Strike","Flying Knee"],"picked":"Blur","floor":8.0},{"not_picked":["Doppelganger","Deadly Poison"],"picked":"Blur","floor":10.0},{"not_picked":["Heel Hook","Sucker Punch"],"picked":"Corpse Explosion","floor":13.0},{"not_picked":["Sucker Punch","Bouncing Flask"],"picked":"Masterful Stab","floor":14.0},{"not_picked":["Grand Finale","Night Terror"],"picked":"Envenom+1","floor":16.0},{"not_picked":["PiercingWail","Cloak And Dagger+1"],"picked":"Backflip+1","floor":18.0},{"not_picked":["Deflect","Slice","Flying Knee"],"picked":"SKIP","floor":22.0},{"not_picked":["Deflect","Predator","Dagger Throw"],"picked":"A Thousand Cuts+1","floor":25.0},{"not_picked":["Slice+1","Bane","PiercingWail+1"],"picked":"Flechettes","floor":29.0},{"not_picked":["Footwork+1","Finisher","Leg Sweep+1"],"picked":"Acrobatics+1","floor":31.0},{"not_picked":["Adrenaline+1","Envenom+1","Night Terror+1"],"picked":"Burst+1","floor":33.0},{"not_picked":["Slice","Acrobatics+1","Flying Knee+1","Dagger Throw"],"picked":"SKIP","floor":35.0},{"not_picked":["Dagger Spray","Backflip+1","Poisoned Stab+1"],"picked":"Deadly Poison+1","floor":37.0},{"not_picked":["Flying Knee+1","Quick Slash+1","Sucker Punch+1","Concentrate+1"],"picked":"SKIP","floor":38.0},{"not_picked":["Underhanded Strike","All Out Attack","Poisoned Stab+1"],"picked":"Dash","floor":40.0},{"not_picked":["Deadly Poison+1","Escape Plan+1","Acrobatics+1"],"picked":"After Image+1","floor":42.0},{"not_picked":["Poisoned Stab+1","Endless Agony+1","Blade Dance+1"],"picked":"Dash+1","floor":45.0},{"not_picked":["Flying Knee+1","Caltrops+1","Phantasmal Killer+1"],"picked":"Blur+1","floor":48.0},{"not_picked":["All Out Attack","Backflip+1","Prepared+1","Slice"],"picked":"Singing Bowl","floor":54.0}],"player_experience":655438,"relics_obtained":[{"floor":13.0,"key":"Frozen Egg 2"},{"floor":24.0,"key":"Question Card"},{"floor":26.0,"key":"Bottled Flame"},{"floor":27.0,"key":"Toxic Egg 2"},{"floor":31.0,"key":"Tiny Chest"},{"floor":40.0,"key":"Singing Bowl"},{"floor":43.0,"key":"Regal Pillow"},{"floor":45.0,"key":"The Specimen"},{"floor":47.0,"key":"Vajra"},{"floor":48.0,"key":"Pen Nib"},{"floor":54.0,"key":"Ninja Scroll"}],"event_choices":[{"damage_healed":0.0,"max_hp_gain":0.0,"max_hp_loss":0.0,"gold_gain":0.0,"event_name":"Liars Game","player_choice":"Ignored","floor":11.0,"gold_loss":0.0,"damage_taken":0.0},{"damage_healed":0.0,"max_hp_gain":0.0,"max_hp_loss":0.0,"gold_gain":0.0,"event_name":"Accursed Blacksmith","player_choice":"Forge","floor":12.0,"gold_loss":0.0,"damage_taken":0.0,"cards_upgraded":["Dash"]},{"damage_healed":0.0,"max_hp_gain":0.0,"max_hp_loss":0.0,"gold_gain":0.0,"event_name":"Addict","player_choice":"Stole Relic","floor":20.0,"gold_loss":0.0,"damage_taken":0.0,"relics_obtained":["Bag of Preparation"],"cards_obtained":["Shame"]},{"cards_removed":["Shame"],"damage_healed":0.0,"max_hp_gain":0.0,"max_hp_loss":0.0,"gold_gain":0.0,"event_name":"NoteForYourself","player_choice":"Took Card","floor":21.0,"gold_loss":0.0,"damage_taken":0.0,"cards_obtained":["Strike_G"]},{"cards_removed":["Defend_G"],"damage_healed":0.0,"max_hp_gain":0.0,"max_hp_loss":0.0,"gold_gain":0.0,"event_name":"Back to Basics","player_choice":"Elegance","floor":28.0,"gold_loss":0.0,"damage_taken":0.0},{"cards_removed":["Strike_G"],"damage_healed":0.0,"max_hp_gain":0.0,"max_hp_loss":0.0,"gold_gain":0.0,"event_name":"Falling","player_choice":"Removed Attack","floor":36.0,"gold_loss":0.0,"damage_taken":0.0},{"damage_healed":0.0,"max_hp_gain":0.0,"max_hp_loss":0.0,"gold_gain":0.0,"event_name":"Tomb of Lord Red Mask","player_choice":"Ignored","floor":39.0,"gold_loss":0.0,"damage_taken":0.0},{"damage_healed":0.0,"max_hp_gain":0.0,"max_hp_loss":0.0,"gold_gain":0.0,"event_name":"MindBloom","player_choice":"Fight","floor":45.0,"gold_loss":0.0,"damage_taken":0.0}],"is_beta":false,"boss_relics":[{"not_picked":["Philosopher\u0027s Stone","SacredBark"],"picked":"HoveringKite"},{"not_picked":["Astrolabe","Runic Pyramid"],"picked":"Cursed Key"}],"items_purged_floors":[2,19,46],"is_endless":false,"potions_floor_spawned":[3,5,8,14,22,25,29,31,40,42,48],"killed_by":"The Heart","ascension_level":0}