{"gold_per_floor":[117,131,143,153,228,228,256,256],"floor_reached":8,"playtime":637,"items_purged":[],"score":58,"play_id":"88ec1ca3-815c-4c42-a617-db418d880e46","local_time":"20200510185147","is_ascension_mode":false,"campfire_choices":[{"floor":6,"key":"REST"}],"neow_cost":"PERCENT_DAMAGE","seed_source_timestamp":5733396926085333,"circlet_count":0,"master_deck":["Strike_G","Strike_G","Strike_G","Strike_G","Strike_G","Defend_G","Defend_G","Defend_G","Defend_G","Defend_G","Survivor","Neutralize","Master of Strategy","Dagger Throw","Poisoned Stab","Blur","Grand Finale"],"relics":["Ring of the Snake","Du-Vu Doll"],"potions_floor_usage":[4],"damage_taken":[{"damage":1,"enemies":"Jaw Worm","floor":1,"turns":8},{"damage":0,"enemies":"2 Louse","floor":2,"turns":4},{"damage":1,"enemies":"Cultist","floor":3,"turns":4},{"damage":9,"enemies":"Gremlin Gang","floor":4,"turns":4},{"damage":46,"enemies":"Lagavulin","floor":7,"turns":10},{"damage":2,"enemies":"Large Slime","floor":8,"turns":4}],"seed_played":"-7548080277583503653","potions_obtained":[{"floor":1,"key":"LiquidBronze"},{"floor":7,"key":"BlessingOfTheForge"}],"is_trial":false,"path_per_floor":["M","M","M","M","?","R","E","M"],"character_chosen":"THE_SILENT","items_purchased":[],"campfire_rested":1,"item_purchase_floors":[],"current_hp_per_floor":[48,48,47,38,27,48,2,0],"gold":256,"neow_bonus":"RANDOM_COLORLESS_2","is_prod":false,"is_daily":false,"chose_seed":false,"campfire_upgraded":0,"win_rate":0,"timestamp":1589107907,"path_taken":["M","M","M","M","?","R","E","M"],"build_version":"2020-01-27","purchased_purges":0,"victory":false,"max_hp_per_floor":[70,70,70,70,70,70,70,70],"card_choices":[{"not_picked":["Metamorphosis","Secret Weapon"],"picked":"Master of Strategy","floor":0},{"not_picked":["Finisher","Deadly Poison","Eviscerate"],"picked":"SKIP","floor":1},{"not_picked":["Bane","Underhanded Strike"],"picked":"Dagger Throw","floor":2},{"not_picked":["Slice","Prepared"],"picked":"Poisoned Stab","floor":3},{"not_picked":["Cloak And Dagger","Deflect"],"picked":"Blur","floor":4},{"not_picked":["Masterful Stab","Outmaneuver"],"picked":"Grand Finale","floor":7}],"player_experience":645311,"relics_obtained":[{"floor":7,"key":"Du-Vu Doll"}],"event_choices":[{"damage_healed":0,"gold_gain":75,"player_choice":"Gather Gold","damage_taken":11,"max_hp_gain":0,"max_hp_loss":0,"event_name":"World of Goop","floor":5,"gold_loss":0}],"is_beta":false,"boss_relics":[],"items_purged_floors":[],"is_endless":false,"potions_floor_spawned":[1,7],"killed_by":"Large Slime","ascension_level":0}