{"gold_per_floor":[115,125,141,111,122,122,2,2,2,17,37,62,81,100,100,201,201,221,121,132,161,161,195,195,195,220,232,267,267,278,101,101,205,205,223,275,286,129,129,129,159,159,159,182,198,198,73,92,92,92,92,92,21,51,51],"floor_reached":56,"playtime":4810,"items_purged":["Strike_G","Strike_G","Strike_G"],"score":1167,"play_id":"31dd176f-215a-4665-952d-233a9340e9b7","local_time":"20200510235448","is_ascension_mode":false,"campfire_choices":[{"data":"Neutralize","floor":6.0,"key":"SMITH"},{"data":"Burst","floor":8.0,"key":"SMITH"},{"data":"Deadly Poison","floor":15.0,"key":"SMITH"},{"floor":24.0,"key":"REST"},{"data":"Corpse Explosion","floor":29.0,"key":"SMITH"},{"data":"Dodge and Roll","floor":32.0,"key":"SMITH"},{"data":"Adrenaline","floor":40.0,"key":"SMITH"},{"floor":42.0,"key":"RECALL"},{"data":"Backstab","floor":46.0,"key":"SMITH"},{"data":"Blur","floor":49.0,"key":"SMITH"},{"data":"Acrobatics","floor":52.0,"key":"SMITH"}],"neow_cost":"NONE","seed_source_timestamp":5746869924786052,"circlet_count":0,"master_deck":["Strike_G","Strike_G","Defend_G","Defend_G","Defend_G","Defend_G","Defend_G","Survivor","Neutralize+1","Dash","Burst+1","All Out Attack","Deadly Poison+1","Noxious Fumes+1","Acrobatics+1","Caltrops+1","Adrenaline+1","All Out Attack+1","Backflip+1","Bane","Corpse Explosion+1","Dodge and Roll+1","Tools of the Trade+1","Leg Sweep+1","Backstab+1","Blur+1","Blur"],"special_seed":0,"relics":["Ring of the Snake","Frozen Egg 2","Eternal Feather","HoveringKite","Red Mask","Paper Crane","Bag of Marbles","Shuriken","TwistedFunnel","StoneCalendar","Snake Skull","Pen Nib","Bronze Scales","Mummified Hand"],"potions_floor_usage":[],"damage_taken":[{"damage":6.0,"enemies":"Cultist","floor":1.0,"turns":5.0},{"damage":1.0,"enemies":"Jaw Worm","floor":2.0,"turns":5.0},{"damage":0.0,"enemies":"2 Louse","floor":3.0,"turns":3.0},{"damage":0.0,"enemies":"Looter","floor":5.0,"turns":4.0},{"damage":2.0,"enemies":"Large Slime","floor":10.0,"turns":6.0},{"damage":2.0,"enemies":"Exordium Thugs","floor":11.0,"turns":6.0},{"damage":21.0,"enemies":"Lagavulin","floor":12.0,"turns":6.0},{"damage":1.0,"enemies":"3 Louse","floor":13.0,"turns":3.0},{"damage":2.0,"enemies":"Blue Slaver","floor":14.0,"turns":4.0},{"damage":55.0,"enemies":"Slime Boss","floor":16.0,"turns":9.0},{"damage":22.0,"enemies":"2 Thieves","floor":18.0,"turns":5.0},{"damage":0.0,"enemies":"Chosen","floor":20.0,"turns":4.0},{"damage":40.0,"enemies":"Masked Bandits","floor":21.0,"turns":5.0},{"damage":6.0,"enemies":"Book of Stabbing","floor":23.0,"turns":5.0},{"damage":6.0,"enemies":"Snake Plant","floor":27.0,"turns":3.0},{"damage":15.0,"enemies":"Slavers","floor":28.0,"turns":4.0},{"damage":5.0,"enemies":"Shelled Parasite and Fungi","floor":30.0,"turns":6.0},{"damage":33.0,"enemies":"Collector","floor":33.0,"turns":8.0},{"damage":0.0,"enemies":"Orb Walker","floor":35.0,"turns":3.0},{"damage":6.0,"enemies":"2 Orb Walkers","floor":36.0,"turns":5.0},{"damage":0.0,"enemies":"3 Shapes","floor":37.0,"turns":3.0},{"damage":7.0,"enemies":"Reptomancer","floor":41.0,"turns":5.0},{"damage":5.0,"enemies":"Maw","floor":45.0,"turns":6.0},{"damage":5.0,"enemies":"Spire Growth","floor":48.0,"turns":6.0},{"damage":28.0,"enemies":"Donu and Deca","floor":50.0,"turns":7.0},{"damage":22,"enemies":"Shield and Spear","floor":54,"turns":3},{"damage":80,"enemies":"The Heart","floor":55,"turns":10}],"seed_played":"-5240999289936947534","potions_obtained":[{"floor":1.0,"key":"Explosive Potion"},{"floor":4.0,"key":"GamblersBrew"},{"floor":4.0,"key":"Energy Potion"},{"floor":11.0,"key":"AttackPotion"},{"floor":13.0,"key":"FairyPotion"},{"floor":14.0,"key":"Fruit Juice"},{"floor":18.0,"key":"CultistPotion"},{"floor":21.0,"key":"SkillPotion"},{"floor":30.0,"key":"Ancient Potion"},{"floor":33.0,"key":"Dexterity Potion"},{"floor":35.0,"key":"SmokeBomb"},{"floor":45.0,"key":"FairyPotion"}],"is_trial":false,"path_per_floor":["M","M","M","?","M","R","$","R","T","M","M","E","M","M","R","B",null,"M","$","M","?","?","E","R","?","T","M","E","R","M","$","R","B",null,"M","?","M","$","?","R","E","R","T","T","M","R","$","M","R","B",null,"R","$","E","B",null],"character_chosen":"THE_SILENT","items_purchased":["Deadly Poison","Dodge and Roll","TwistedFunnel","Snake Skull","Blur"],"campfire_rested":1,"item_purchase_floors":[7,31,31,38,53],"current_hp_per_floor":[71,70,70,70,70,70,70,70,70,68,66,45,44,42,56,1,82,60,60,60,20,20,14,50,50,50,44,29,41,36,36,48,15,82,82,76,76,76,76,82,75,82,82,82,77,82,82,77,82,54,82,82,82,60,9],"gold":51,"neow_bonus":"TEN_PERCENT_HP_BONUS","is_prod":false,"is_daily":false,"chose_seed":false,"campfire_upgraded":9,"win_rate":0,"timestamp":1589126088,"path_taken":["M","?","M","?","M","R","$","R","T","M","?","E","M","M","R","BOSS","M","$","M","?","?","E","R","?","T","M","E","R","M","$","R","BOSS","M","?","M","?","?","R","E","R","T","?","M","R","$","M","R","BOSS","R","$","E","BOSS"],"build_version":"2020-01-27","purchased_purges":3,"victory":true,"max_hp_per_floor":[77,77,77,77,77,77,77,77,77,77,77,77,77,77,82,82,82,82,82,82,82,82,82,82,82,82,82,82,82,82,82,82,82,82,82,82,82,82,82,82,82,82,82,82,82,82,82,82,82,82,82,82,82,82,82],"card_choices":[{"not_picked":["Quick Slash","Underhanded Strike"],"picked":"Dash","floor":1.0},{"not_picked":["Underhanded Strike","Quick Slash","Backflip"],"picked":"SKIP","floor":2.0},{"not_picked":["Outmaneuver","Dagger Throw"],"picked":"Burst","floor":3.0},{"not_picked":["Prepared","Eviscerate"],"picked":"All Out Attack","floor":5.0},{"not_picked":["Backflip","All Out Attack"],"picked":"Sucker Punch","floor":10.0},{"not_picked":["Outmaneuver","Tactician","Endless Agony"],"picked":"SKIP","floor":11.0},{"not_picked":["Slice","Eviscerate"],"picked":"Noxious Fumes+1","floor":12.0},{"not_picked":["Dagger Spray","Quick Slash"],"picked":"Acrobatics","floor":13.0},{"not_picked":["Leg Sweep","Wraith Form v2+1"],"picked":"Caltrops+1","floor":14.0},{"not_picked":["Storm of Steel","Doppelganger"],"picked":"Adrenaline","floor":16.0},{"not_picked":["Noxious Fumes+1","Backflip"],"picked":"All Out Attack+1","floor":18.0},{"not_picked":["Quick Slash","Slice"],"picked":"Backflip+1","floor":20.0},{"not_picked":["PiercingWail+1","Deflect+1"],"picked":"Bane","floor":23.0},{"not_picked":["Deflect","Acrobatics","Night Terror"],"picked":"SKIP","floor":27.0},{"not_picked":["Well Laid Plans+1","Slice"],"picked":"Corpse Explosion","floor":28.0},{"not_picked":["Sucker Punch","Flechettes","Dagger Throw"],"picked":"SKIP","floor":30.0},{"not_picked":["Night Terror","Envenom+1"],"picked":"Tools of the Trade+1","floor":33.0},{"not_picked":["Well Laid Plans+1","PiercingWail"],"picked":"Leg Sweep+1","floor":35.0},{"not_picked":["Dodge and Roll","Accuracy+1","Outmaneuver"],"picked":"SKIP","floor":37.0},{"not_picked":["Night Terror","Riddle With Holes+1"],"picked":"Backstab","floor":41.0},{"not_picked":["Backstab","Leg Sweep","Quick Slash+1"],"picked":"SKIP","floor":45.0},{"not_picked":["Crippling Poison","Cloak And Dagger+1"],"picked":"Blur","floor":48.0},{"not_picked":["Infinite Blades+1","Escape Plan","PiercingWail+1"],"picked":"SKIP","floor":54}],"player_experience":645948,"relics_obtained":[{"floor":9.0,"key":"Frozen Egg 2"},{"floor":12.0,"key":"Eternal Feather"},{"floor":21.0,"key":"Red Mask"},{"floor":23.0,"key":"Paper Crane"},{"floor":26.0,"key":"Bag of Marbles"},{"floor":28.0,"key":"Shuriken"},{"floor":36.0,"key":"StoneCalendar"},{"floor":41.0,"key":"Pen Nib"},{"floor":44.0,"key":"Bronze Scales"},{"floor":54,"key":"Mummified Hand"}],"event_choices":[{"damage_healed":0.0,"max_hp_gain":0.0,"max_hp_loss":0.0,"gold_gain":0.0,"event_name":"The Woman in Blue","player_choice":"Bought 2 Potions","floor":4.0,"gold_loss":0.0,"damage_taken":0.0},{"damage_healed":0.0,"max_hp_gain":0.0,"max_hp_loss":0.0,"gold_gain":0.0,"event_name":"Masked Bandits","player_choice":"Fought Bandits","floor":21.0,"gold_loss":0.0,"damage_taken":0.0},{"damage_healed":0.0,"max_hp_gain":0.0,"max_hp_loss":0.0,"gold_gain":0.0,"event_name":"Forgotten Altar","player_choice":"Smashed Altar","floor":22.0,"gold_loss":0.0,"damage_taken":0.0,"cards_obtained":["Decay"]},{"cards_removed":["Decay"],"damage_healed":0.0,"max_hp_gain":0.0,"max_hp_loss":0.0,"gold_gain":0.0,"event_name":"Back to Basics","player_choice":"Elegance","floor":25.0,"gold_loss":0.0,"damage_taken":0.0},{"damage_healed":0.0,"max_hp_gain":0.0,"max_hp_loss":0.0,"gold_gain":0.0,"event_name":"Mysterious Sphere","player_choice":"Fight","floor":36.0,"gold_loss":0.0,"damage_taken":0.0},{"cards_removed":["Sucker Punch"],"damage_healed":0.0,"max_hp_gain":0.0,"max_hp_loss":0.0,"gold_gain":0.0,"event_name":"Falling","player_choice":"Removed Attack","floor":39.0,"gold_loss":0.0,"damage_taken":0.0}],"is_beta":false,"boss_relics":[{"not_picked":["Pandora\u0027s Box","SlaversCollar"],"picked":"HoveringKite"},{"not_picked":["Coffee Dripper","Philosopher\u0027s Stone","Busted Crown"]}],"items_purged_floors":[7,19,47],"is_endless":false,"potions_floor_spawned":[1,11,13,14,18,21,30,33,35,45,48],"ascension_level":0}