{"gold_per_floor":[111,111,111,132,57,100,100,124,124,124,143,318,339,354,354,354],"floor_reached":16,"playtime":788,"items_purged":["Defend_G"],"score":100,"play_id":"19c29361-aca8-4c76-8e91-fcf8e6176661","local_time":"20200512124141","is_ascension_mode":false,"campfire_choices":[{"data":"Neutralize","floor":7.0,"key":"SMITH"},{"data":"Dramatic Entrance","floor":10.0,"key":"SMITH"},{"data":"Terror","floor":15.0,"key":"SMITH"}],"neow_cost":"NONE","seed_source_timestamp":5883521225627488,"circlet_count":0,"master_deck":["Strike_G","Strike_G","Strike_G","Strike_G","Defend_G","Defend_G","Defend_G","Defend_G","Survivor","Neutralize+1","Dramatic Entrance+1","Choke","Caltrops","Terror+1","Sucker Punch","Doubt","Backstab","Die Die Die"],"special_seed":0,"relics":["Ring of the Snake","Golden Idol","Strawberry","Art of War","Ornamental Fan"],"potions_floor_usage":[16],"damage_taken":[{"damage":0.0,"enemies":"Jaw Worm","floor":1.0,"turns":5.0},{"damage":0.0,"enemies":"Small Slimes","floor":4.0,"turns":2.0},{"damage":15.0,"enemies":"Gremlin Nob","floor":6.0,"turns":4.0},{"damage":0.0,"enemies":"Cultist","floor":11.0,"turns":3.0},{"damage":5.0,"enemies":"Looter","floor":13.0,"turns":3.0},{"damage":4.0,"enemies":"Exordium Thugs","floor":14.0,"turns":4.0},{"damage":37,"enemies":"Slime Boss","floor":16,"turns":11}],"seed_played":"-735373640256944185","potions_obtained":[{"floor":1.0,"key":"Ancient Potion"},{"floor":4.0,"key":"SteroidPotion"},{"floor":11.0,"key":"AttackPotion"},{"floor":13.0,"key":"Block Potion"}],"is_trial":false,"path_per_floor":["M","?","?","M","$","E","R","T","T","R","M","?","M","M","R","B"],"character_chosen":"THE_SILENT","items_purchased":[],"campfire_rested":0,"item_purchase_floors":[],"current_hp_per_floor":[70,53,53,53,53,45,45,45,45,45,45,45,40,36,36,0],"gold":354,"neow_bonus":"RANDOM_COLORLESS","is_prod":false,"is_daily":false,"chose_seed":false,"campfire_upgraded":3,"win_rate":0,"timestamp":1589258501,"path_taken":["M","?","?","?","$","E","R","?","T","R","M","?","M","?","R","BOSS"],"build_version":"2020-01-27","purchased_purges":1,"victory":false,"max_hp_per_floor":[70,70,70,70,70,77,77,77,77,77,77,77,77,77,77,77],"card_choices":[{"not_picked":["Forethought","Panacea"],"picked":"Dramatic Entrance","floor":0.0},{"not_picked":["Setup","Dagger Spray"],"picked":"Choke","floor":1.0},{"not_picked":["Riddle With Holes","Expertise"],"picked":"Caltrops","floor":4.0},{"not_picked":["Dagger Spray","Quick Slash"],"picked":"Terror","floor":6.0},{"not_picked":["Bane","Blade Dance"],"picked":"Sucker Punch","floor":11.0},{"not_picked":["Finisher","Distraction"],"picked":"Backstab","floor":13.0},{"not_picked":["Crippling Poison","Tactician"],"picked":"Die Die Die","floor":14.0}],"player_experience":652745,"relics_obtained":[{"floor":6.0,"key":"Strawberry"},{"floor":8.0,"key":"Art of War"},{"floor":9.0,"key":"Ornamental Fan"}],"event_choices":[{"damage_healed":0.0,"max_hp_gain":0.0,"max_hp_loss":0.0,"gold_gain":0.0,"event_name":"Golden Idol","player_choice":"Take Damage","floor":2.0,"gold_loss":0.0,"damage_taken":17.0,"relics_obtained":["Golden Idol"]},{"cards_removed":["Strike_G"],"damage_healed":0.0,"max_hp_gain":0.0,"max_hp_loss":0.0,"gold_gain":0.0,"event_name":"Living Wall","player_choice":"Forget","floor":3.0,"gold_loss":0.0,"damage_taken":0.0},{"damage_healed":0.0,"max_hp_gain":0.0,"max_hp_loss":0.0,"gold_gain":175.0,"event_name":"Liars Game","player_choice":"AGREE","floor":12.0,"gold_loss":0.0,"damage_taken":0.0,"cards_obtained":["Doubt"]}],"is_beta":false,"boss_relics":[],"items_purged_floors":[5],"is_endless":false,"potions_floor_spawned":[1,4,11,13],"killed_by":"Slime Boss","ascension_level":0}