{"gold_per_floor":[110,120,120,138,138,138,162,87,87,39,63,63,127,151,151,275,275,300,320,0,0,23,23,36,51,126,126,144,144],"floor_reached":29,"playtime":1905,"items_purged":["Defend_G","Strike_G"],"score":244,"play_id":"d997c3cf-d8f8-4c68-9ce4-534c78c19286","local_time":"20200512131459","is_ascension_mode":false,"campfire_choices":[{"data":"Neutralize","floor":6.0,"key":"SMITH"},{"data":"Distraction","floor":12.0,"key":"SMITH"},{"floor":15.0,"key":"REST"},{"data":"Terror","floor":23.0,"key":"SMITH"},{"floor":27,"key":"REST"}],"neow_cost":"PERCENT_DAMAGE","seed_source_timestamp":5884686151444103,"circlet_count":0,"master_deck":["Strike_G","Strike_G","Defend_G","Defend_G","Defend_G","Defend_G","Survivor","Neutralize+1","Heel Hook","Distraction+1","Prepared","Deadly Poison","Deadly Poison","Bane","Bane","Backflip","Corpse Explosion","Noxious Fumes","Terror+1"],"special_seed":0,"relics":["Ring of the Snake","Golden Idol","Question Card","Bird Faced Urn","Busted Crown","ClockworkSouvenir"],"potions_floor_usage":[],"damage_taken":[{"damage":0.0,"enemies":"Cultist","floor":1.0,"turns":4.0},{"damage":5.0,"enemies":"Small Slimes","floor":2.0,"turns":4.0},{"damage":0.0,"enemies":"Jaw Worm","floor":4.0,"turns":5.0},{"damage":3.0,"enemies":"Large Slime","floor":7.0,"turns":9.0},{"damage":7.0,"enemies":"3 Louse","floor":11.0,"turns":4.0},{"damage":23.0,"enemies":"Lagavulin Event","floor":13.0,"turns":4.0},{"damage":6.0,"enemies":"Lots of Slimes","floor":14.0,"turns":4.0},{"damage":26.0,"enemies":"Hexaghost","floor":16.0,"turns":10.0},{"damage":12.0,"enemies":"Shell Parasite","floor":18.0,"turns":5.0},{"damage":7.0,"enemies":"3 Byrds","floor":19.0,"turns":3.0},{"damage":4.0,"enemies":"Centurion and Healer","floor":22.0,"turns":4.0},{"damage":10,"enemies":"Snake Plant","floor":24,"turns":4},{"damage":27,"enemies":"Sentry and Sphere","floor":25,"turns":6},{"damage":3,"enemies":"Shelled Parasite and Fungi","floor":28,"turns":3},{"damage":55,"enemies":"Gremlin Leader","floor":29,"turns":4}],"seed_played":"3933945930830413578","potions_obtained":[{"floor":7.0,"key":"SpeedPotion"},{"floor":11.0,"key":"Explosive Potion"},{"floor":13.0,"key":"LiquidBronze"},{"floor":16.0,"key":"Strength Potion"},{"floor":18.0,"key":"PowerPotion"}],"is_trial":false,"path_per_floor":["M","M","?","M","?","R","M","$","T","$","M","R","?","M","R","B",null,"M","M","$","?","M","R","M","M","T","R","M","E"],"character_chosen":"THE_SILENT","items_purchased":["Deadly Poison","Noxious Fumes","ClockworkSouvenir"],"campfire_rested":2,"item_purchase_floors":[10,20,20],"current_hp_per_floor":[63,58,51,51,51,51,48,48,48,48,41,41,18,12,35,9,78,66,59,59,59,59,59,49,24,24,47,46,0],"gold":144,"neow_bonus":"TWENTY_PERCENT_HP_BONUS","is_prod":false,"is_daily":false,"chose_seed":false,"campfire_upgraded":3,"win_rate":0,"timestamp":1589260499,"path_taken":["M","?","?","M","?","R","M","$","T","$","M","R","?","M","R","BOSS","M","M","$","?","M","R","M","M","T","R","?","E"],"build_version":"2020-01-27","purchased_purges":2,"victory":false,"max_hp_per_floor":[84,84,84,84,78,78,78,78,78,78,78,78,78,78,78,78,78,78,78,78,78,78,78,78,78,78,78,78,78],"card_choices":[{"not_picked":["Flying Knee","Deflect"],"picked":"Heel Hook","floor":1.0},{"not_picked":["Catalyst","Poisoned Stab"],"picked":"Distraction","floor":2.0},{"not_picked":["Poisoned Stab","Blade Dance"],"picked":"Prepared","floor":4.0},{"not_picked":["Eviscerate","Concentrate"],"picked":"Deadly Poison","floor":7.0},{"not_picked":["Dagger Spray","Blade Dance","Deadly Poison"],"picked":"Bane","floor":11.0},{"not_picked":["Riddle With Holes","Underhanded Strike","Acrobatics"],"picked":"Bane","floor":13.0},{"not_picked":["Outmaneuver","Choke","Dagger Spray"],"picked":"Backflip","floor":14.0},{"not_picked":["Die Die Die","Tools of the Trade","A Thousand Cuts"],"picked":"Corpse Explosion","floor":16.0},{"not_picked":["Accuracy","Expertise"],"picked":"SKIP","floor":18.0},{"not_picked":["Outmaneuver+1","Skewer"],"picked":"SKIP","floor":19.0},{"not_picked":["Quick Slash","Cloak And Dagger"],"picked":"SKIP","floor":22.0},{"not_picked":["Dagger Throw","Setup"],"picked":"SKIP","floor":24},{"not_picked":["Reflex","Poisoned Stab"],"picked":"SKIP","floor":25},{"not_picked":["Reflex","Poisoned Stab"],"picked":"SKIP","floor":25},{"not_picked":["PiercingWail","All Out Attack"],"picked":"SKIP","floor":28}],"player_experience":653533,"relics_obtained":[{"floor":9.0,"key":"Question Card"}],"event_choices":[{"cards_removed":["Strike_G"],"damage_healed":0.0,"max_hp_gain":0.0,"max_hp_loss":0.0,"gold_gain":0.0,"event_name":"Golden Wing","player_choice":"Card Removal","floor":3.0,"gold_loss":0.0,"damage_taken":7.0},{"damage_healed":0.0,"max_hp_gain":0.0,"max_hp_loss":6.0,"gold_gain":0.0,"event_name":"Golden Idol","player_choice":"Lose Max HP","floor":5.0,"gold_loss":0.0,"damage_taken":0.0,"relics_obtained":["Golden Idol"]},{"damage_healed":0.0,"max_hp_gain":0.0,"max_hp_loss":0.0,"gold_gain":30.0,"event_name":"Dead Adventurer","player_choice":"Searched \u00273\u0027 times","floor":13.0,"gold_loss":0.0,"damage_taken":0.0,"relics_obtained":["Bird Faced Urn"]},{"damage_healed":0.0,"max_hp_gain":0.0,"max_hp_loss":0.0,"gold_gain":0.0,"cards_transformed":["Strike_G"],"event_name":"Transmorgrifier","player_choice":"Transformed","floor":21.0,"gold_loss":0.0,"damage_taken":0.0,"cards_obtained":["Terror"]}],"is_beta":false,"boss_relics":[{"not_picked":["SacredBark","Empty Cage"],"picked":"Busted Crown"}],"items_purged_floors":[8,20],"is_endless":false,"potions_floor_spawned":[7,11,13,16,18],"killed_by":"Gremlin Leader","ascension_level":0}