{"gold_per_floor":[109,119,194,194,210,210,224,254,254,26,59,78,8,27,27,127,127,139,159,175,49,63,90,90,115,167,167,182,57,57,57,57,157,157,176,26,26,43,61,61,71,71,120,148,180,192,10,10,10,10,10,10,10,38,38],"floor_reached":55,"playtime":3787,"items_purged":["Strike_G","Defend_G","Strike_G","Well Laid Plans"],"score":752,"play_id":"2364052c-cc00-4866-94ca-695b0fc03d50","local_time":"20200515142028","is_ascension_mode":false,"campfire_choices":[{"data":"Envenom","floor":6.0,"key":"SMITH"},{"data":"Neutralize","floor":15.0,"key":"SMITH"},{"data":"Phantasmal Killer","floor":24.0,"key":"SMITH"},{"data":"Bouncing Flask","floor":30.0,"key":"SMITH"},{"data":"Adrenaline","floor":32.0,"key":"SMITH"},{"data":"Survivor","floor":40.0,"key":"SMITH"},{"floor":42.0,"key":"RECALL"},{"data":"Cloak And Dagger","floor":46.0,"key":"SMITH"},{"data":"Catalyst","floor":49.0,"key":"SMITH"},{"data":"Deadly Poison","floor":52.0,"key":"SMITH"}],"neow_cost":"NONE","seed_source_timestamp":0,"circlet_count":0,"master_deck":["Strike_G","Strike_G","Strike_G","Defend_G","Defend_G","Defend_G","Defend_G","Survivor+1","Neutralize+1","Envenom+1","Dagger Throw","Bouncing Flask+1","Cloak And Dagger+1","Phantasmal Killer+1","Blur","Blur","Adrenaline+1","Dagger Throw+1","Sucker Punch+1","Deadly Poison+1","Riddle With Holes+1","Glass Knife+1","Terror+1","Flechettes+1","Caltrops+1","Catalyst+1"],"special_seed":0,"relics":["Ring of the Snake","Snake Skull","Mercury Hourglass","Bag of Marbles","Ornamental Fan","Molten Egg 2","Busted Crown","Bronze Scales","Red Mask","Vajra","Tiny Chest","Runic Pyramid","MawBank","Sling","Gambling Chip"],"potions_floor_usage":[55],"damage_taken":[{"damage":0.0,"enemies":"Small Slimes","floor":1.0,"turns":4.0},{"damage":4.0,"enemies":"2 Louse","floor":2.0,"turns":4.0},{"damage":0.0,"enemies":"Jaw Worm","floor":5.0,"turns":4.0},{"damage":0.0,"enemies":"Blue Slaver","floor":7.0,"turns":3.0},{"damage":19.0,"enemies":"Lagavulin","floor":8.0,"turns":8.0},{"damage":6.0,"enemies":"3 Sentries","floor":11.0,"turns":7.0},{"damage":1.0,"enemies":"Lots of Slimes","floor":12.0,"turns":3.0},{"damage":0.0,"enemies":"3 Louse","floor":14.0,"turns":2.0},{"damage":0.0,"enemies":"Hexaghost","floor":16.0,"turns":7.0},{"damage":12.0,"enemies":"3 Byrds","floor":18.0,"turns":5.0},{"damage":0.0,"enemies":"Chosen","floor":19.0,"turns":4.0},{"damage":6.0,"enemies":"Shelled Parasite and Fungi","floor":20.0,"turns":8.0},{"damage":5.0,"enemies":"Snecko","floor":22.0,"turns":5.0},{"damage":7.0,"enemies":"Book of Stabbing","floor":23.0,"turns":5.0},{"damage":0.0,"enemies":"Masked Bandits","floor":25.0,"turns":3.0},{"damage":6.0,"enemies":"Snake Plant","floor":28.0,"turns":3.0},{"damage":12.0,"enemies":"Champ","floor":33.0,"turns":8.0},{"damage":3.0,"enemies":"3 Darklings","floor":35.0,"turns":3.0},{"damage":0.0,"enemies":"Orb Walker","floor":38.0,"turns":2.0},{"damage":0.0,"enemies":"Transient","floor":39.0,"turns":5.0},{"damage":3.0,"enemies":"Spire Growth","floor":41.0,"turns":3.0},{"damage":0.0,"enemies":"Reptomancer","floor":44.0,"turns":3.0},{"damage":2.0,"enemies":"Writhing Mass","floor":45.0,"turns":4.0},{"damage":41.0,"enemies":"Donu and Deca","floor":50.0,"turns":5.0},{"damage":13.0,"enemies":"Shield and Spear","floor":54.0,"turns":4.0},{"damage":64,"enemies":"The Heart","floor":55,"turns":3}],"seed_played":"-1661712577420986698","potions_obtained":[{"floor":1.0,"key":"ColorlessPotion"},{"floor":5.0,"key":"DuplicationPotion"},{"floor":8.0,"key":"GamblersBrew"},{"floor":11.0,"key":"Regen Potion"},{"floor":22.0,"key":"SneckoOil"},{"floor":28.0,"key":"Strength Potion"},{"floor":41.0,"key":"EssenceOfSteel"},{"floor":44.0,"key":"BlessingOfTheForge"},{"floor":45.0,"key":"Explosive Potion"}],"is_trial":false,"path_per_floor":["M","M","?","?","M","R","M","E","T","$","E","M","?","M","R","B",null,"M","M","M","$","M","E","R","?","T","?","M","$","R","$","R","B",null,"M","$","?","M","M","R","M","R","T","E","M","R","$","?","R","B",null,"R","$","E","B"],"character_chosen":"THE_SILENT","items_purchased":["Bag of Marbles","Dagger Throw+1","Sling","Catalyst"],"campfire_rested":0,"item_purchase_floors":[10,21,47,47],"current_hp_per_floor":[70,66,55,70,70,70,70,51,51,51,45,44,44,44,44,44,70,58,58,67,67,62,55,55,55,55,55,49,49,49,49,49,37,70,67,67,67,67,67,67,64,64,64,64,62,62,62,62,62,21,70,70,70,57,0],"gold":38,"neow_bonus":"ONE_RANDOM_RARE_CARD","is_prod":false,"is_daily":false,"chose_seed":false,"campfire_upgraded":9,"win_rate":0,"timestamp":1589523628,"path_taken":["M","M","?","?","M","R","M","E","T","$","E","?","?","M","R","BOSS","M","M","M","?","?","E","R","?","T","?","M","$","R","$","R","BOSS","M","$","?","?","M","R","M","R","T","E","M","R","$","?","R","BOSS","R","$","E","BOSS"],"build_version":"2020-01-27","purchased_purges":4,"victory":false,"max_hp_per_floor":[70,70,70,70,70,70,70,70,70,70,70,70,70,70,70,70,70,70,70,70,70,70,70,70,70,70,70,70,70,70,70,70,70,70,70,70,70,70,70,70,70,70,70,70,70,70,70,70,70,70,70,70,70,70,70],"card_choices":[{"not_picked":["Crippling Poison","Backflip"],"picked":"Dagger Throw","floor":1.0},{"not_picked":["Prepared","Bane"],"picked":"Bouncing Flask","floor":2.0},{"not_picked":["Cloak And Dagger","Backflip","Poisoned Stab"],"picked":"SKIP","floor":5.0},{"not_picked":["Backflip","Poisoned Stab"],"picked":"Cloak And Dagger","floor":5.0},{"not_picked":["Concentrate","Deflect","Dodge and Roll"],"picked":"SKIP","floor":7.0},{"not_picked":["Doppelganger","Sucker Punch"],"picked":"Well Laid Plans","floor":8.0},{"not_picked":["Caltrops","Heel Hook"],"picked":"Phantasmal Killer","floor":11.0},{"not_picked":["Concentrate","Sucker Punch"],"picked":"Blur","floor":12.0},{"not_picked":["Deadly Poison","Setup"],"picked":"Blur","floor":14.0},{"not_picked":["Wraith Form v2","Grand Finale+1"],"picked":"Adrenaline","floor":16.0},{"not_picked":["Tactician"],"picked":"SKIP","floor":18.0},{"not_picked":["Underhanded Strike+1"],"picked":"SKIP","floor":19.0},{"not_picked":["Tactician"],"picked":"SKIP","floor":20.0},{"not_picked":[],"picked":"Sucker Punch+1","floor":22.0},{"not_picked":[],"picked":"Deadly Poison","floor":23.0},{"not_picked":[],"picked":"Riddle With Holes+1","floor":25.0},{"not_picked":["Finisher+1"],"picked":"SKIP","floor":28.0},{"not_picked":[],"picked":"Glass Knife+1","floor":33.0},{"not_picked":[],"picked":"Terror+1","floor":35.0},{"not_picked":[],"picked":"Flechettes+1","floor":38.0},{"not_picked":["Eviscerate+1"],"picked":"SKIP","floor":39.0},{"not_picked":["Concentrate"],"picked":"SKIP","floor":41.0},{"not_picked":[],"picked":"Caltrops+1","floor":44.0},{"not_picked":["PiercingWail"],"picked":"SKIP","floor":45.0},{"not_picked":["Slice+1"],"picked":"SKIP","floor":54.0}],"player_experience":661887,"relics_obtained":[{"floor":8.0,"key":"Snake Skull"},{"floor":9.0,"key":"Mercury Hourglass"},{"floor":11.0,"key":"Ornamental Fan"},{"floor":23.0,"key":"Bronze Scales"},{"floor":25.0,"key":"Red Mask"},{"floor":26.0,"key":"Vajra"},{"floor":44.0,"key":"MawBank"},{"floor":54.0,"key":"Gambling Chip"}],"event_choices":[{"damage_healed":0.0,"max_hp_gain":0.0,"max_hp_loss":0.0,"gold_gain":75.0,"event_name":"World of Goop","player_choice":"Gather Gold","floor":3.0,"gold_loss":0.0,"damage_taken":11.0},{"damage_healed":23.0,"max_hp_gain":0.0,"max_hp_loss":0.0,"gold_gain":0.0,"event_name":"Big Fish","player_choice":"Banana","floor":4.0,"gold_loss":0.0,"damage_taken":0.0},{"damage_healed":0.0,"max_hp_gain":0.0,"max_hp_loss":0.0,"gold_gain":0.0,"event_name":"WeMeetAgain","player_choice":"Paid Gold","floor":13.0,"gold_loss":70.0,"damage_taken":0.0,"relics_obtained":["Molten Egg 2"]},{"damage_healed":0.0,"max_hp_gain":0.0,"max_hp_loss":0.0,"gold_gain":0.0,"event_name":"Masked Bandits","player_choice":"Fought Bandits","floor":25.0,"gold_loss":0.0,"damage_taken":0.0},{"damage_healed":0.0,"max_hp_gain":0.0,"max_hp_loss":0.0,"gold_gain":0.0,"event_name":"The Mausoleum","player_choice":"Opened","floor":27.0,"gold_loss":0.0,"damage_taken":0.0,"relics_obtained":["Tiny Chest"]},{"damage_healed":0.0,"max_hp_gain":0.0,"max_hp_loss":0.0,"gold_gain":0.0,"event_name":"NoteForYourself","player_choice":"Ignored","floor":37.0,"gold_loss":0.0,"damage_taken":0.0},{"damage_healed":0.0,"max_hp_gain":0.0,"max_hp_loss":0.0,"gold_gain":0.0,"event_name":"SensoryStone","player_choice":"Memory 1","floor":48.0,"gold_loss":0.0,"damage_taken":0.0}],"is_beta":false,"boss_relics":[{"not_picked":["Black Star","HoveringKite"],"picked":"Busted Crown"},{"not_picked":["Velvet Choker","Fusion Hammer"],"picked":"Runic Pyramid"}],"items_purged_floors":[10,21,29,36],"is_endless":false,"potions_floor_spawned":[1,5,8,11,22,28,41,44,45],"killed_by":"The Heart","ascension_level":0}