{"gold_per_floor":[136,176,214,214,278,278,331,331,331,374,374,374,354,83,83,212,212,231,245,160,160,179,179,223,223,223,273,292,292,357,425,425,549,549,595,222,236,259,259,259,297,297,323,335,366,7,340,367,367,367,367,367,68,99,99],"floor_reached":55,"playtime":7338,"items_purged":["Injury","Defend_G"],"score":756,"play_id":"407e2c06-3f19-4d9e-9217-868a3538caee","local_time":"20210405225141","is_ascension_mode":false,"campfire_choices":[{"data":"Neutralize","floor":6.0,"key":"SMITH"},{"data":"Masterful Stab","floor":8.0,"key":"SMITH"},{"data":"Burst","floor":15.0,"key":"SMITH"},{"data":"Corpse Explosion","floor":23.0,"key":"SMITH"},{"floor":25.0,"key":"RECALL"},{"data":"Backflip","floor":29.0,"key":"SMITH"},{"floor":32.0,"key":"REST"},{"data":"Wraith Form v2","floor":40.0,"key":"SMITH"},{"data":"A Thousand Cuts","floor":42.0,"key":"SMITH"},{"data":"Survivor","floor":44.0,"key":"SMITH"},{"floor":49.0,"key":"REST"},{"data":"Cloak And Dagger","floor":52.0,"key":"SMITH"}],"neow_cost":"TEN_PERCENT_HP_LOSS","seed_source_timestamp":2088052104255100,"circlet_count":0,"master_deck":["Strike_G","Strike_G","Strike_G","Strike_G","Defend_G","Defend_G","Defend_G","Defend_G","Survivor+1","Neutralize+1","HandOfGreed+1","Footwork+1","Masterful Stab+1","Cloak And Dagger+1","Burst+1","Poisoned Stab+1","Corpse Explosion+1","CurseOfTheBell","Dash+1","Backflip+1","Blur+1","Bane+1","Well Laid Plans+1","Backflip+1","Glass Knife+1","A Thousand Cuts+1","Calculated Gamble+1","Acrobatics+1","Wraith Form v2+1","Dagger Throw+1","Blur+1"],"special_seed":0,"relics":["Ring of the Snake","Pocketwatch","Molten Egg 2","Lantern","Calling Bell","Tiny Chest","Gremlin Horn","Ginger","Toxic Egg 2","Meat on the Bone","Pen Nib","HoveringKite","Orrery","Blood Vial","Happy Flower","MawBank","Bronze Scales","HandDrill","Ancient Tea Set","Shuriken","Bottled Flame"],"potions_floor_usage":[55],"damage_taken":[{"damage":0.0,"enemies":"Jaw Worm","floor":1.0,"turns":3.0},{"damage":0.0,"enemies":"2 Louse","floor":2.0,"turns":2.0},{"damage":0.0,"enemies":"Small Slimes","floor":3.0,"turns":2.0},{"damage":0.0,"enemies":"Exordium Thugs","floor":5.0,"turns":7.0},{"damage":4.0,"enemies":"Gremlin Nob","floor":7.0,"turns":4.0},{"damage":0.0,"enemies":"3 Louse","floor":10.0,"turns":3.0},{"damage":8.0,"enemies":"Hexaghost","floor":16.0,"turns":11.0},{"damage":6.0,"enemies":"3 Byrds","floor":18.0,"turns":4.0},{"damage":1.0,"enemies":"2 Thieves","floor":19.0,"turns":2.0},{"damage":3.0,"enemies":"Centurion and Healer","floor":22.0,"turns":6.0},{"damage":0.0,"enemies":"Gremlin Leader","floor":24.0,"turns":7.0},{"damage":3.0,"enemies":"Snecko","floor":28.0,"turns":5.0},{"damage":46.0,"enemies":"Slavers","floor":30.0,"turns":7.0},{"damage":0.0,"enemies":"3 Cultists","floor":31.0,"turns":7.0},{"damage":11.0,"enemies":"Automaton","floor":33.0,"turns":12.0},{"damage":0.0,"enemies":"3 Shapes","floor":35.0,"turns":5.0},{"damage":1.0,"enemies":"Orb Walker","floor":37.0,"turns":3.0},{"damage":25.0,"enemies":"Nemesis","floor":41.0,"turns":10.0},{"damage":12.0,"enemies":"3 Darklings","floor":45.0,"turns":3.0},{"damage":35.0,"enemies":"Donu and Deca","floor":50.0,"turns":8.0},{"damage":12.0,"enemies":"Shield and Spear","floor":54.0,"turns":5.0},{"damage":107,"enemies":"The Heart","floor":55,"turns":9}],"seed_played":"-985901185389845386","potions_obtained":[{"floor":1.0,"key":"Strength Potion"},{"floor":2.0,"key":"Explosive Potion"},{"floor":7.0,"key":"SteroidPotion"},{"floor":13.0,"key":"Weak Potion"},{"floor":16.0,"key":"ColorlessPotion"},{"floor":18.0,"key":"Energy Potion"},{"floor":19.0,"key":"Energy Potion"},{"floor":33.0,"key":"CultistPotion"},{"floor":39.0,"key":"SmokeBomb"},{"floor":41.0,"key":"Regen Potion"},{"floor":54.0,"key":"FairyPotion"}],"is_trial":false,"path_per_floor":["M","M","M","?","M","R","E","R","T","M","?","?","?","$","R","B",null,"M","M","?","?","M","R","E","R","T","?","M","R","E","M","R","B",null,"M","$","M","T","?","R","E","R","T","R","M","$","?","T","R","B",null,"R","$","E","B"],"character_chosen":"THE_SILENT","items_purchased":["Lantern","Poisoned Stab+1","Orrery","Wraith Form v2","Block Potion","Bronze Scales","HandDrill","Regen Potion","Dagger Throw+1","Shuriken"],"campfire_rested":2,"item_purchase_floors":[14,14,36,36,36,46,46,46,53,53],"current_hp_per_floor":[63,63,63,50,50,50,46,46,46,46,39,39,39,39,39,31,63,57,56,56,56,53,53,53,53,53,53,50,50,16,28,46,35,63,63,63,62,62,62,62,38,38,38,38,37,37,37,37,55,34,63,63,63,60,0],"gold":99,"neow_bonus":"RANDOM_COLORLESS_2","is_prod":false,"is_daily":false,"chose_seed":false,"campfire_upgraded":9,"win_rate":0,"timestamp":1617634301,"path_taken":["M","M","M","?","M","R","E","R","T","M","?","?","?","$","R","BOSS","M","M","?","?","M","R","E","R","T","?","M","R","E","M","R","BOSS","M","$","M","?","?","R","E","R","T","R","?","$","?","?","R","BOSS","R","$","E","BOSS"],"build_version":"2020-12-22","purchased_purges":2,"victory":false,"max_hp_per_floor":[63,63,63,63,63,63,63,63,63,63,63,63,63,63,63,63,63,63,63,63,63,63,63,63,63,63,63,63,63,63,63,63,63,63,63,63,63,63,63,63,63,63,63,63,63,63,63,63,63,63,63,63,63,63,63],"card_choices":[{"not_picked":["Metamorphosis","Sadistic Nature"],"picked":"HandOfGreed","floor":0.0},{"not_picked":["Tactician","Bane","Poisoned Stab"],"picked":"SKIP","floor":1.0},{"not_picked":["Sucker Punch","Dodge and Roll"],"picked":"Footwork","floor":2.0},{"not_picked":["Riddle With Holes","Choke"],"picked":"Masterful Stab","floor":3.0},{"not_picked":["Outmaneuver","Quick Slash"],"picked":"Cloak And Dagger","floor":5.0},{"not_picked":["Sucker Punch","Choke"],"picked":"Burst","floor":7.0},{"not_picked":["Prepared","Setup","Outmaneuver"],"picked":"SKIP","floor":10.0},{"not_picked":["A Thousand Cuts","Tools of the Trade"],"picked":"Corpse Explosion","floor":16.0},{"not_picked":["Reflex","Deadly Poison+1"],"picked":"Dash+1","floor":18.0},{"not_picked":["Reflex","Underhanded Strike+1"],"picked":"Backflip","floor":19.0},{"not_picked":["Dagger Spray+1","Blade Dance+1"],"picked":"Bane+1","floor":22.0},{"not_picked":["Terror+1","Blade Dance+1"],"picked":"Well Laid Plans+1","floor":24.0},{"not_picked":["Eviscerate+1","Dagger Throw+1"],"picked":"Backflip+1","floor":28.0},{"not_picked":["Underhanded Strike+1","Bane+1"],"picked":"Glass Knife+1","floor":30.0},{"not_picked":["Cloak And Dagger+1","Reflex+1","Flying Knee+1"],"picked":"SKIP","floor":31.0},{"not_picked":["Storm of Steel+1","Venomology+1"],"picked":"A Thousand Cuts","floor":33.0},{"not_picked":["Accuracy","Blade Dance+1","Endless Agony+1"],"picked":"SKIP","floor":35.0},{"not_picked":["Backstab+1","Concentrate+1"],"picked":"Calculated Gamble+1","floor":36.0},{"not_picked":["Dodge and Roll+1","Flying Knee+1"],"picked":"Acrobatics+1","floor":36.0},{"not_picked":["Finisher+1","Dagger Spray+1","Sucker Punch+1"],"picked":"SKIP","floor":37.0},{"not_picked":["Bane+1","Quick Slash+1","Doppelganger+1"],"picked":"SKIP","floor":41.0},{"not_picked":["Outmaneuver+1","Dash+1","Acrobatics+1"],"picked":"SKIP","floor":45.0},{"not_picked":["Dash+1","Poisoned Stab+1"],"picked":"Blur+1","floor":54.0}],"player_experience":711308,"relics_obtained":[{"floor":7.0,"key":"Pocketwatch"},{"floor":9.0,"key":"Molten Egg 2"},{"floor":17.0,"key":"Tiny Chest"},{"floor":17.0,"key":"Gremlin Horn"},{"floor":17.0,"key":"Ginger"},{"floor":24.0,"key":"Meat on the Bone"},{"floor":30.0,"key":"Pen Nib"},{"floor":38.0,"key":"Blood Vial"},{"floor":41.0,"key":"Happy Flower"},{"floor":43.0,"key":"MawBank"},{"floor":48.0,"key":"Ancient Tea Set"},{"floor":54.0,"key":"Bottled Flame"}],"event_choices":[{"damage_healed":0.0,"max_hp_gain":0.0,"max_hp_loss":0.0,"gold_gain":0.0,"event_name":"Shining Light","player_choice":"Entered Light","floor":4.0,"gold_loss":0.0,"damage_taken":13.0,"cards_upgraded":["HandOfGreed","Footwork"]},{"cards_removed":["Strike_G"],"damage_healed":0.0,"max_hp_gain":0.0,"max_hp_loss":0.0,"gold_gain":0.0,"event_name":"Golden Wing","player_choice":"Card Removal","floor":11.0,"gold_loss":0.0,"damage_taken":7.0},{"damage_healed":0.0,"max_hp_gain":0.0,"max_hp_loss":0.0,"gold_gain":0.0,"event_name":"Golden Idol","player_choice":"Take Wound","floor":12.0,"gold_loss":0.0,"damage_taken":0.0,"relics_obtained":["Golden Idol"],"cards_obtained":["Injury"]},{"damage_healed":0.0,"max_hp_gain":0.0,"max_hp_loss":0.0,"gold_gain":0.0,"event_name":"The Woman in Blue","player_choice":"Bought 1 Potion","floor":13.0,"gold_loss":0.0,"damage_taken":0.0},{"damage_healed":0.0,"max_hp_gain":0.0,"max_hp_loss":0.0,"gold_gain":0.0,"event_name":"Addict","player_choice":"Obtained Relic","floor":20.0,"gold_loss":85.0,"damage_taken":0.0,"relics_obtained":["Toxic Egg 2"]},{"damage_healed":0.0,"max_hp_gain":0.0,"max_hp_loss":0.0,"gold_gain":0.0,"event_name":"The Library","player_choice":"Read","floor":21.0,"gold_loss":0.0,"damage_taken":0.0,"cards_obtained":["Blur"]},{"damage_healed":0.0,"max_hp_gain":0.0,"max_hp_loss":0.0,"gold_gain":100.0,"event_name":"The Joust","player_choice":"Bet on Murderer","floor":27.0,"gold_loss":50.0,"damage_taken":0.0},{"damage_healed":0.0,"max_hp_gain":0.0,"max_hp_loss":0.0,"gold_gain":0.0,"event_name":"Lab","player_choice":"Got Potions","floor":39.0,"gold_loss":0.0,"damage_taken":0.0},{"damage_healed":0.0,"max_hp_gain":0.0,"max_hp_loss":0.0,"gold_gain":333.0,"event_name":"The Moai Head","player_choice":"Gave Idol","floor":47.0,"relics_lost":["Golden Idol"],"gold_loss":0.0,"damage_taken":0.0}],"is_beta":false,"boss_relics":[{"not_picked":["Cursed Key","Ring of the Serpent"],"picked":"Calling Bell"},{"not_picked":["SlaversCollar","Snecko Eye"],"picked":"HoveringKite"}],"items_purged_floors":[14,36],"is_endless":false,"potions_floor_spawned":[1,2,7,16,18,19,33,41,54],"killed_by":"The Heart","ascension_level":0}