{"gold_per_floor":[369,120,120,295,150,182,192,205,205,205,219,237,237,269,269,369,369,383,395,395,395,406,406,106,116,169,169],"floor_reached":27,"playtime":2071,"items_purged":["Strike_G","Doubt"],"score":223,"play_id":"64d76077-4697-4f10-8508-47e6f1011234","local_time":"20210509215555","is_ascension_mode":false,"campfire_choices":[{"floor":10.0,"key":"REST"},{"data":"Bane","floor":13.0,"key":"SMITH"},{"data":"Noxious Fumes","floor":15.0,"key":"SMITH"},{"floor":23.0,"key":"REST"}],"neow_cost":"PERCENT_DAMAGE","seed_source_timestamp":0,"circlet_count":0,"master_deck":["Strike_G","Strike_G","Strike_G","Strike_G","Defend_G","Defend_G","Defend_G","Defend_G","Defend_G","Survivor","Neutralize+1","Noxious Fumes+1","Dagger Spray","Deadly Poison","Blade Dance","Bane+1","Glass Knife","A Thousand Cuts","Dagger Throw","Cloak And Dagger","Calculated Gamble","Backflip+1"],"special_seed":0,"relics":["Ring of the Snake","HandDrill","InkBottle","Juzu Bracelet","HoveringKite","Singing Bowl","Ice Cream","Omamori"],"potions_floor_usage":[],"damage_taken":[{"damage":0.0,"enemies":"Jaw Worm","floor":1.0,"turns":4.0},{"damage":25.0,"enemies":"Gremlin Nob","floor":6.0,"turns":5.0},{"damage":0.0,"enemies":"Small Slimes","floor":7.0,"turns":3.0},{"damage":0.0,"enemies":"Cultist","floor":8.0,"turns":4.0},{"damage":5.0,"enemies":"Exordium Wildlife","floor":11.0,"turns":4.0},{"damage":3.0,"enemies":"Red Slaver","floor":12.0,"turns":3.0},{"damage":13.0,"enemies":"3 Sentries","floor":14.0,"turns":8.0},{"damage":2.0,"enemies":"The Guardian","floor":16.0,"turns":8.0},{"damage":0.0,"enemies":"3 Byrds","floor":18.0,"turns":3.0},{"damage":0.0,"enemies":"Chosen","floor":19.0,"turns":4.0},{"damage":41.0,"enemies":"Centurion and Healer","floor":22.0,"turns":6.0},{"damage":15.0,"enemies":"Snake Plant","floor":25.0,"turns":4.0},{"damage":0,"enemies":"Slavers","floor":27,"turns":1}],"seed_played":"-2563525260981105897","potions_obtained":[{"floor":1.0,"key":"Poison Potion"},{"floor":7.0,"key":"LiquidBronze"},{"floor":8.0,"key":"BlessingOfTheForge"},{"floor":14.0,"key":"Swift Potion"},{"floor":16.0,"key":"FearPotion"},{"floor":18.0,"key":"FearPotion"}],"is_trial":false,"path_per_floor":["M","$","?","?","$","E","M","M","T","R","M","M","R","E","R","B",null,"M","M","?","T","M","R","$","M","T","E"],"character_chosen":"THE_SILENT","items_purchased":["HandDrill","Dagger Spray","Deadly Poison","Ice Cream"],"campfire_rested":2,"item_purchase_floors":[2,2,5,24],"current_hp_per_floor":[49,49,49,49,49,24,24,24,24,45,40,37,37,24,24,22,70,70,70,70,70,29,50,50,37,37,37],"gold":169,"neow_bonus":"TWO_FIFTY_GOLD","is_prod":false,"is_daily":false,"chose_seed":false,"campfire_upgraded":2,"win_rate":0,"timestamp":1620568555,"path_taken":["M","$","?","?","$","E","M","M","T","R","M","M","R","E","R","BOSS","M","M","?","?","M","R","$","M","T","E"],"build_version":"2020-12-22","purchased_purges":2,"victory":false,"max_hp_per_floor":[70,70,70,70,70,70,70,70,70,70,70,70,70,70,70,70,70,70,70,70,70,70,70,70,72,72,72],"card_choices":[{"not_picked":["Deflect","Outmaneuver"],"picked":"Noxious Fumes","floor":1.0},{"not_picked":["Deadly Poison","Dagger Spray","Dagger Throw"],"picked":"SKIP","floor":6.0},{"not_picked":["Underhanded Strike","Endless Agony","Distraction"],"picked":"SKIP","floor":7.0},{"not_picked":["Slice","Terror"],"picked":"Blade Dance","floor":8.0},{"not_picked":["Underhanded Strike","Flechettes"],"picked":"Bane","floor":11.0},{"not_picked":["Flying Knee","Quick Slash","Calculated Gamble"],"picked":"SKIP","floor":12.0},{"not_picked":["Skewer","Deflect"],"picked":"Glass Knife","floor":14.0},{"not_picked":["Grand Finale","Envenom"],"picked":"A Thousand Cuts","floor":16.0},{"not_picked":["Dodge and Roll","Outmaneuver"],"picked":"Dagger Throw","floor":18.0},{"not_picked":["Acrobatics","Sucker Punch"],"picked":"Cloak And Dagger","floor":19.0},{"not_picked":["Deadly Poison","Poisoned Stab+1"],"picked":"Backflip+1","floor":22.0},{"not_picked":["Dagger Throw","Sucker Punch","Concentrate"],"picked":"Singing Bowl","floor":25.0}],"player_experience":724621,"relics_obtained":[{"floor":6.0,"key":"InkBottle"},{"floor":14.0,"key":"Juzu Bracelet"},{"floor":21.0,"key":"Singing Bowl"},{"floor":26.0,"key":"Omamori"}],"event_choices":[{"damage_healed":0.0,"max_hp_gain":0.0,"max_hp_loss":0.0,"gold_gain":0.0,"event_name":"Living Wall","player_choice":"Grow","floor":3.0,"gold_loss":0.0,"damage_taken":0.0,"cards_upgraded":["Neutralize"]},{"damage_healed":0.0,"max_hp_gain":0.0,"max_hp_loss":0.0,"gold_gain":175.0,"event_name":"Liars Game","player_choice":"AGREE","floor":4.0,"gold_loss":0.0,"damage_taken":0.0,"cards_obtained":["Doubt"]},{"damage_healed":0.0,"max_hp_gain":0.0,"max_hp_loss":0.0,"gold_gain":0.0,"event_name":"The Library","player_choice":"Read","floor":20.0,"gold_loss":0.0,"damage_taken":0.0,"cards_obtained":["Calculated Gamble"]}],"is_beta":false,"boss_relics":[{"not_picked":["Black Star","SlaversCollar"],"picked":"HoveringKite"}],"items_purged_floors":[2,5],"is_endless":false,"potions_floor_spawned":[1,7,8,14,16,18,22],"killed_by":"Slavers","ascension_level":0}