{"gold_per_floor":[119,137,149,165,8,40,56,82,109,127,184,184,196,216,216,315,365,380,28,48,63,82,113,113,113,139,156,167,167],"floor_reached":29,"playtime":4992,"items_purged":["Strike_G"],"score":263,"play_id":"379cba72-ad3a-4918-b1e8-546f5a63db88","local_time":"20210515220202","is_ascension_mode":false,"campfire_choices":[{"data":"Neutralize","floor":12.0,"key":"SMITH"},{"floor":15.0,"key":"REST"},{"data":"Footwork","floor":24.0,"key":"SMITH"}],"neow_cost":"NONE","seed_source_timestamp":1637975801089500,"circlet_count":0,"master_deck":["Strike_G","Strike_G","Strike_G","Strike_G","Defend_G","Defend_G","Defend_G+1","Defend_G","Defend_G","Survivor","Neutralize+1","Dagger Spray","Footwork+1","Backflip","PiercingWail","Escape Plan","Acrobatics","Prepared","Dash","Corpse Explosion","Well Laid Plans","Acrobatics","Infinite Blades","Dagger Throw","Heel Hook","Adrenaline","Blade Dance","Leg Sweep"],"special_seed":0,"relics":["Black Star","Pen Nib","Ornamental Fan","Centennial Puzzle","Dream Catcher","Happy Flower","Nunchaku","Boot","Tiny House","Bronze Scales","The Courier","Bottled Lightning","Regal Pillow"],"potions_floor_usage":[29],"damage_taken":[{"damage":15.0,"enemies":"Jaw Worm","floor":1.0,"turns":9.0},{"damage":5.0,"enemies":"Small Slimes","floor":2.0,"turns":4.0},{"damage":4.0,"enemies":"Cultist","floor":3.0,"turns":5.0},{"damage":0.0,"enemies":"Red Slaver","floor":4.0,"turns":6.0},{"damage":13.0,"enemies":"3 Sentries","floor":6.0,"turns":11.0},{"damage":2.0,"enemies":"Looter","floor":7.0,"turns":3.0},{"damage":6.0,"enemies":"Gremlin Nob","floor":8.0,"turns":3.0},{"damage":0.0,"enemies":"Exordium Wildlife","floor":10.0,"turns":5.0},{"damage":11.0,"enemies":"Gremlin Nob","floor":11.0,"turns":4.0},{"damage":0.0,"enemies":"2 Fungi Beasts","floor":13.0,"turns":4.0},{"damage":1.0,"enemies":"Large Slime","floor":14.0,"turns":6.0},{"damage":16.0,"enemies":"Slime Boss","floor":16.0,"turns":16.0},{"damage":11.0,"enemies":"Shell Parasite","floor":18.0,"turns":8.0},{"damage":10.0,"enemies":"Spheric Guardian","floor":20.0,"turns":6.0},{"damage":0.0,"enemies":"3 Cultists","floor":21.0,"turns":2.0},{"damage":0.0,"enemies":"Snecko","floor":22.0,"turns":5.0},{"damage":6.0,"enemies":"Slavers","floor":23.0,"turns":4.0},{"damage":24.0,"enemies":"Cultist and Chosen","floor":27.0,"turns":5.0},{"damage":5.0,"enemies":"Centurion and Healer","floor":28.0,"turns":6.0},{"damage":5,"enemies":"Colosseum Slavers","floor":29,"turns":1}],"seed_played":"5213529532888655663","potions_obtained":[{"floor":1.0,"key":"DuplicationPotion"},{"floor":6.0,"key":"BlessingOfTheForge"},{"floor":7.0,"key":"FearPotion"},{"floor":10.0,"key":"PowerPotion"},{"floor":11.0,"key":"BlessingOfTheForge"},{"floor":13.0,"key":"Strength Potion"},{"floor":16.0,"key":"SpeedPotion"},{"floor":17.0,"key":"AttackPotion"},{"floor":20.0,"key":"DuplicationPotion"},{"floor":21.0,"key":"Fire Potion"},{"floor":22.0,"key":"SkillPotion"},{"floor":27.0,"key":"Poison Potion"}],"is_trial":false,"path_per_floor":["M","M","M","M","$","E","M","E","T","M","?","R","M","M","R","B",null,"M","$","M","M","M","E","R","?","T","M","M","?"],"character_chosen":"THE_SILENT","items_purchased":["Pen Nib","Infinite Blades","Dagger Throw","Bronze Scales"],"campfire_rested":1,"item_purchase_floors":[5,19,19,19],"current_hp_per_floor":[55,50,46,46,46,33,31,25,25,25,14,14,14,13,34,18,75,64,64,54,54,54,48,48,34,34,10,5,0],"gold":167,"neow_bonus":"BOSS_RELIC","is_prod":false,"is_daily":false,"chose_seed":false,"campfire_upgraded":2,"win_rate":0,"timestamp":1621087322,"path_taken":["M","M","M","M","$","E","M","E","T","M","?","R","M","M","R","BOSS","M","$","M","M","M","E","R","?","T","M","M","?"],"build_version":"2020-12-22","purchased_purges":1,"victory":false,"max_hp_per_floor":[70,70,70,70,70,70,70,70,70,70,70,70,70,70,70,70,75,75,75,75,75,75,75,75,80,80,80,80,80],"card_choices":[{"not_picked":["Setup","Slice","Dodge and Roll"],"picked":"SKIP","floor":1.0},{"not_picked":["Distraction","Sucker Punch"],"picked":"Dagger Spray","floor":2.0},{"not_picked":["Choke","Dagger Spray"],"picked":"Footwork","floor":3.0},{"not_picked":["Distraction","Finisher"],"picked":"Backflip","floor":4.0},{"not_picked":["Bane","Choke"],"picked":"PiercingWail","floor":6.0},{"not_picked":["Dagger Spray","Reflex"],"picked":"Escape Plan","floor":7.0},{"not_picked":["Phantasmal Killer","Dagger Throw"],"picked":"Acrobatics","floor":8.0},{"not_picked":["Poisoned Stab","Distraction","Caltrops"],"picked":"SKIP","floor":10.0},{"not_picked":["Crippling Poison","Acrobatics"],"picked":"Prepared","floor":13.0},{"not_picked":["Underhanded Strike","PiercingWail"],"picked":"Dash","floor":14.0},{"not_picked":["Unload","Night Terror"],"picked":"Corpse Explosion","floor":16.0},{"not_picked":["Sucker Punch","Backflip"],"picked":"Well Laid Plans","floor":17.0},{"not_picked":["Tactician","Leg Sweep"],"picked":"Acrobatics","floor":18.0},{"not_picked":["All Out Attack+1","Setup"],"picked":"Heel Hook","floor":20.0},{"not_picked":["Bane","Acrobatics"],"picked":"Adrenaline","floor":21.0},{"not_picked":["Tactician+1","Dagger Spray"],"picked":"Blade Dance","floor":22.0},{"not_picked":["Dagger Spray","Bouncing Flask+1","Bane"],"picked":"SKIP","floor":23.0},{"not_picked":["Skewer","Heel Hook","Backflip"],"picked":"SKIP","floor":27.0},{"not_picked":["Catalyst+1","Tactician"],"picked":"Leg Sweep","floor":28.0}],"player_experience":726692,"relics_obtained":[{"floor":6.0,"key":"Ornamental Fan"},{"floor":6.0,"key":"Centennial Puzzle"},{"floor":8.0,"key":"Dream Catcher"},{"floor":8.0,"key":"Happy Flower"},{"floor":9.0,"key":"Nunchaku"},{"floor":11.0,"key":"Boot"},{"floor":23.0,"key":"The Courier"},{"floor":23.0,"key":"Bottled Lightning"},{"floor":26.0,"key":"Regal Pillow"}],"event_choices":[{"damage_healed":0.0,"max_hp_gain":0.0,"max_hp_loss":0.0,"gold_gain":0.0,"event_name":"Dead Adventurer","player_choice":"Searched \u00271\u0027 times","floor":11.0,"gold_loss":0.0,"damage_taken":0.0},{"damage_healed":0.0,"max_hp_gain":5.0,"max_hp_loss":0.0,"gold_gain":0.0,"event_name":"Forgotten Altar","player_choice":"Shed Blood","floor":25.0,"gold_loss":0.0,"damage_taken":19.0},{"damage_healed":0,"gold_gain":0,"player_choice":"Fight","damage_taken":0,"max_hp_gain":0,"max_hp_loss":0,"event_name":"Colosseum","floor":29,"gold_loss":0}],"is_beta":false,"boss_relics":[{"not_picked":["Runic Dome","Philosopher\u0027s Stone"],"picked":"Tiny House"}],"items_purged_floors":[19],"is_endless":false,"potions_floor_spawned":[1,6,7,10,11,13,16,20,21,22,27],"killed_by":"Colosseum Slavers","ascension_level":0}