{"gold_per_floor":[111,123,50,65,82,108,108,128,155,155,174,185,260,276,276,376,376,392,114,29,29,29,54,54,74,74,93,93,111,111,139,139,240,240,254,19,0,26,36,70,70,100,100,117,117,148,163,181,181,181,181,181,10,41,41],"floor_reached":56,"playtime":5612,"items_purged":["Strike_G","Strike_G","Doubt"],"score":1304,"play_id":"7f4b0be0-a18c-4cf8-9970-ff15571c04ac","local_time":"20210708221207","is_ascension_mode":false,"campfire_choices":[{"data":"Neutralize","floor":7.0,"key":"SMITH"},{"data":"Noxious Fumes","floor":10.0,"key":"SMITH"},{"data":"Crippling Poison","floor":15.0,"key":"SMITH"},{"data":"Well Laid Plans","floor":24.0,"key":"SMITH"},{"data":"Quick Slash","floor":28.0,"key":"SMITH"},{"data":"Catalyst","floor":30.0,"key":"SMITH"},{"data":"Expertise","floor":32.0,"key":"SMITH"},{"data":"Poisoned Stab","floor":41.0,"key":"SMITH"},{"floor":49.0,"key":"RECALL"},{"data":"Backflip","floor":52.0,"key":"SMITH"}],"neow_cost":"NONE","seed_source_timestamp":0,"circlet_count":0,"master_deck":["Strike_G","Strike_G","Strike_G","Defend_G","Defend_G","Defend_G","Defend_G+1","Defend_G+1","Survivor","Neutralize+1","Noxious Fumes+1","Well Laid Plans+1","PiercingWail","PiercingWail","Backflip","Dagger Spray","Crippling Poison+1","Expertise+1","Bane","Quick Slash+1","Terror","Backflip+1","Catalyst+1","Acrobatics+1","Backstab","Blur+1","Glass Knife","CurseOfTheBell","Dodge and Roll+1","Dash","Dramatic Entrance","Bane+1","Poisoned Stab+1","Catalyst+1","Deadly Poison+1","Caltrops","Dash","Deadly Poison+1"],"special_seed":0,"relics":["Philosopher\u0027s Stone","Toy Ornithopter","Oddly Smooth Stone","Coffee Dripper","Bronze Scales","War Paint","Tiny Chest","Sundial","Toxic Egg 2","Du-Vu Doll","Calling Bell","Ancient Tea Set","The Courier","Prayer Wheel","Membership Card","Red Mask","Snake Skull","Paper Crane","Anchor","Lantern","Vajra","Boot"],"potions_floor_usage":[55],"damage_taken":[{"damage":0.0,"enemies":"2 Louse","floor":1.0,"turns":5.0},{"damage":0.0,"enemies":"Jaw Worm","floor":2.0,"turns":4.0},{"damage":0.0,"enemies":"Small Slimes","floor":4.0,"turns":4.0},{"damage":0.0,"enemies":"3 Louse","floor":5.0,"turns":5.0},{"damage":30.0,"enemies":"3 Sentries","floor":6.0,"turns":10.0},{"damage":0.0,"enemies":"Blue Slaver","floor":8.0,"turns":5.0},{"damage":10.0,"enemies":"Exordium Thugs","floor":11.0,"turns":6.0},{"damage":3.0,"enemies":"3 Louse","floor":12.0,"turns":3.0},{"damage":0.0,"enemies":"Looter","floor":14.0,"turns":4.0},{"damage":0.0,"enemies":"Hexaghost","floor":16.0,"turns":10.0},{"damage":1.0,"enemies":"Shell Parasite","floor":18.0,"turns":7.0},{"damage":11.0,"enemies":"Gremlin Leader","floor":23.0,"turns":7.0},{"damage":3.0,"enemies":"Spheric Guardian","floor":25.0,"turns":5.0},{"damage":10.0,"enemies":"Snecko","floor":27.0,"turns":6.0},{"damage":11.0,"enemies":"Shelled Parasite and Fungi","floor":29.0,"turns":4.0},{"damage":3.0,"enemies":"Book of Stabbing","floor":31.0,"turns":5.0},{"damage":30.0,"enemies":"Collector","floor":33.0,"turns":8.0},{"damage":7.0,"enemies":"3 Shapes","floor":35.0,"turns":4.0},{"damage":0.0,"enemies":"Orb Walker","floor":39.0,"turns":3.0},{"damage":16.0,"enemies":"Nemesis","floor":40.0,"turns":7.0},{"damage":22.0,"enemies":"Reptomancer","floor":42.0,"turns":6.0},{"damage":14.0,"enemies":"Spire Growth","floor":44.0,"turns":6.0},{"damage":21.0,"enemies":"Nemesis","floor":46.0,"turns":7.0},{"damage":5.0,"enemies":"Transient","floor":47.0,"turns":5.0},{"damage":0.0,"enemies":"Maw","floor":48.0,"turns":6.0},{"damage":33.0,"enemies":"Awakened One","floor":50.0,"turns":11.0},{"damage":36.0,"enemies":"Shield and Spear","floor":54.0,"turns":6.0},{"damage":37,"enemies":"The Heart","floor":55,"turns":6}],"seed_played":"8314856843592242567","potions_obtained":[{"floor":2.0,"key":"BlessingOfTheForge"},{"floor":6.0,"key":"PowerPotion"},{"floor":12.0,"key":"Energy Potion"},{"floor":16.0,"key":"FairyPotion"},{"floor":31.0,"key":"BlessingOfTheForge"},{"floor":39.0,"key":"Regen Potion"},{"floor":40.0,"key":"CunningPotion"},{"floor":44.0,"key":"SteroidPotion"},{"floor":47.0,"key":"Swift Potion"}],"is_trial":false,"path_per_floor":["M","M","$","M","M","E","R","M","T","R","M","M","?","M","R","B",null,"M","$","?","?","?","E","R","M","T","M","R","M","R","E","R","B",null,"M","$","?","T","M","E","R","E","T","M","?","E","M","M","R","B",null,"R","$","E","B",null],"character_chosen":"THE_SILENT","items_purchased":["Well Laid Plans","Bronze Scales","Quick Slash","Membership Card","Dash","Dramatic Entrance","Caltrops","Vajra","Dash"],"campfire_rested":0,"item_purchase_floors":[3,19,19,36,36,36,53,53,53],"current_hp_per_floor":[70,70,70,70,70,40,40,40,40,40,35,32,21,21,21,21,70,69,69,69,69,69,58,58,55,55,45,45,34,34,36,36,11,70,63,63,63,63,63,62,62,40,40,26,70,49,49,49,49,16,70,70,70,34,2],"gold":41,"neow_bonus":"BOSS_RELIC","is_prod":false,"is_daily":false,"chose_seed":false,"campfire_upgraded":9,"win_rate":0,"timestamp":1625753527,"path_taken":["M","M","$","M","M","E","R","M","T","R","M","M","?","M","R","BOSS","M","$","?","?","?","E","R","M","T","M","R","M","R","E","R","BOSS","M","$","?","?","M","E","R","E","T","M","?","E","M","M","R","BOSS","R","$","E","BOSS"],"build_version":"2020-12-22","purchased_purges":3,"victory":true,"max_hp_per_floor":[70,70,70,70,70,70,70,70,70,70,70,70,70,70,70,70,70,70,70,70,70,70,70,70,70,70,70,70,70,70,70,70,70,70,70,70,70,70,70,70,70,70,70,70,70,70,70,70,70,70,70,70,70,70,70],"card_choices":[{"not_picked":["Acrobatics","Riddle With Holes"],"picked":"Noxious Fumes","floor":1.0},{"not_picked":["Outmaneuver","Heel Hook","Predator"],"picked":"SKIP","floor":2.0},{"not_picked":["Deadly Poison","Blur"],"picked":"PiercingWail","floor":4.0},{"not_picked":["Setup","Quick Slash"],"picked":"PiercingWail","floor":5.0},{"not_picked":["Riddle With Holes","Noxious Fumes","Expertise"],"picked":"SKIP","floor":6.0},{"not_picked":["Flechettes","Blade Dance"],"picked":"Backflip","floor":8.0},{"not_picked":["PiercingWail","Calculated Gamble"],"picked":"Dagger Spray","floor":11.0},{"not_picked":["Flying Knee","Night Terror"],"picked":"Crippling Poison","floor":12.0},{"not_picked":["Deflect","Flying Knee"],"picked":"Expertise","floor":14.0},{"not_picked":["Prepared","Setup"],"picked":"Bane","floor":18.0},{"not_picked":["PiercingWail","Dodge and Roll+1"],"picked":"Backflip","floor":23.0},{"not_picked":["Acrobatics","Predator"],"picked":"Catalyst","floor":25.0},{"not_picked":["Outmaneuver+1","Flechettes"],"picked":"Acrobatics+1","floor":27.0},{"not_picked":["Quick Slash+1","Distraction+1"],"picked":"Backstab","floor":29.0},{"not_picked":["Reflex+1","Bouncing Flask+1"],"picked":"Blur+1","floor":31.0},{"not_picked":["Malaise+1","Night Terror+1"],"picked":"Glass Knife","floor":33.0},{"not_picked":["Slice","Bouncing Flask+1"],"picked":"Dodge and Roll+1","floor":35.0},{"not_picked":["Underhanded Strike","Calculated Gamble+1","Eviscerate+1"],"picked":"SKIP","floor":35.0},{"not_picked":["Deflect+1","Blade Dance+1"],"picked":"Bane+1","floor":39.0},{"not_picked":["All Out Attack+1","Dagger Throw","Tactician+1"],"picked":"SKIP","floor":39.0},{"not_picked":["Blur+1","Underhanded Strike"],"picked":"Poisoned Stab","floor":40.0},{"not_picked":["Outmaneuver+1","Flying Knee","Blade Dance+1"],"picked":"SKIP","floor":42.0},{"not_picked":["Dagger Throw","A Thousand Cuts","Noxious Fumes"],"picked":"SKIP","floor":44.0},{"not_picked":["Poisoned Stab+1","Distraction+1","Flying Knee+1"],"picked":"SKIP","floor":44.0},{"not_picked":["After Image","Crippling Poison+1"],"picked":"Catalyst+1","floor":46.0},{"not_picked":["Cloak And Dagger+1","Prepared+1","Deflect+1"],"picked":"SKIP","floor":47.0},{"not_picked":["Dagger Throw","Bane+1","Flying Knee"],"picked":"SKIP","floor":47.0},{"not_picked":["Infinite Blades","Outmaneuver+1"],"picked":"Deadly Poison+1","floor":48.0},{"not_picked":["Prepared+1","Leg Sweep+1","Dodge and Roll+1"],"picked":"SKIP","floor":48.0},{"not_picked":["Deflect+1","Grand Finale"],"picked":"Deadly Poison+1","floor":54.0}],"player_experience":731684,"relics_obtained":[{"floor":6.0,"key":"Toy Ornithopter"},{"floor":9.0,"key":"Oddly Smooth Stone"},{"floor":23.0,"key":"Sundial"},{"floor":26.0,"key":"Toxic Egg 2"},{"floor":31.0,"key":"Du-Vu Doll"},{"floor":34.0,"key":"Ancient Tea Set"},{"floor":34.0,"key":"The Courier"},{"floor":34.0,"key":"Prayer Wheel"},{"floor":38.0,"key":"Snake Skull"},{"floor":40.0,"key":"Paper Crane"},{"floor":42.0,"key":"Anchor"},{"floor":46.0,"key":"Lantern"},{"floor":54.0,"key":"Boot"}],"event_choices":[{"damage_healed":0.0,"max_hp_gain":0.0,"max_hp_loss":0.0,"gold_gain":75.0,"event_name":"World of Goop","player_choice":"Gather Gold","floor":13.0,"gold_loss":0.0,"damage_taken":11.0},{"damage_healed":0.0,"max_hp_gain":0.0,"max_hp_loss":0.0,"gold_gain":0.0,"event_name":"Addict","player_choice":"Obtained Relic","floor":20.0,"gold_loss":85.0,"damage_taken":0.0,"relics_obtained":["War Paint"]},{"damage_healed":0.0,"max_hp_gain":0.0,"max_hp_loss":0.0,"gold_gain":0.0,"event_name":"The Library","player_choice":"Read","floor":21.0,"gold_loss":0.0,"damage_taken":0.0,"cards_obtained":["Terror"]},{"damage_healed":0.0,"max_hp_gain":0.0,"max_hp_loss":0.0,"gold_gain":0.0,"event_name":"The Mausoleum","player_choice":"Opened","floor":22.0,"gold_loss":0.0,"damage_taken":0.0,"relics_obtained":["Tiny Chest"]},{"damage_healed":0.0,"max_hp_gain":0.0,"max_hp_loss":0.0,"gold_gain":0.0,"event_name":"Tomb of Lord Red Mask","player_choice":"Paid","floor":37.0,"gold_loss":19.0,"damage_taken":0.0,"relics_obtained":["Red Mask"]},{"damage_healed":44.0,"max_hp_gain":0.0,"max_hp_loss":0.0,"gold_gain":0.0,"event_name":"MindBloom","player_choice":"Heal","floor":45.0,"gold_loss":0.0,"damage_taken":0.0,"cards_obtained":["Doubt"]}],"is_beta":false,"boss_relics":[{"not_picked":["SlaversCollar","HoveringKite"],"picked":"Coffee Dripper"},{"not_picked":["Astrolabe","WristBlade"],"picked":"Calling Bell"}],"items_purged_floors":[19,36,53],"is_endless":false,"potions_floor_spawned":[2,6,12,16,27,29,31,39,40,44,47,48],"ascension_level":0}