{"gold_per_floor":[118,132,142,17,32,32,58,58,58,58,8,22,34,53,53,157,157,177,197,213,238,255,255,282,282,282,298,298,158,178,197,197,300,300,319,319,90,102,122,155,172,172,172,198,198,217,248,260,260,260],"floor_reached":50,"playtime":4935,"items_purged":["Defend_G","Strike_G"],"score":560,"play_id":"e548e53e-91c8-46f0-9b1e-6dfd41c420cf","local_time":"20210710212826","is_ascension_mode":false,"campfire_choices":[{"data":"Acrobatics","floor":6.0,"key":"SMITH"},{"data":"Flechettes","floor":8.0,"key":"SMITH"},{"data":"Neutralize","floor":10.0,"key":"SMITH"},{"data":"Acrobatics","floor":15.0,"key":"SMITH"},{"data":"Storm of Steel","floor":23.0,"key":"SMITH"},{"data":"Dodge and Roll","floor":25.0,"key":"SMITH"},{"floor":32.0,"key":"REST"},{"floor":42.0,"key":"RECALL"},{"floor":49.0,"key":"REST"}],"neow_cost":"NONE","seed_source_timestamp":0,"circlet_count":0,"master_deck":["Strike_G","Strike_G","Defend_G","Defend_G","Defend_G","Survivor","Neutralize+1","Flechettes+1","Dodge and Roll+1","Acrobatics+1","Backflip","Acrobatics+1","Dagger Spray","Cloak And Dagger","Poisoned Stab","Storm of Steel+1","Cloak And Dagger+1","Underhanded Strike+1","Bouncing Flask","Terror","Infinite Blades","Deflect+1","A Thousand Cuts","Skewer+1","Shame","Footwork","Dodge and Roll+1","Writhe"],"special_seed":0,"relics":["Busted Crown","CaptainsWheel","Astrolabe","Red Mask","Mercury Hourglass","Matryoshka","Runic Pyramid","HandDrill","Happy Flower","Question Card","Snake Skull","Singing Bowl","Art of War"],"potions_floor_usage":[50,50],"damage_taken":[{"damage":0.0,"enemies":"Cultist","floor":1.0,"turns":4.0},{"damage":0.0,"enemies":"Small Slimes","floor":2.0,"turns":4.0},{"damage":0.0,"enemies":"2 Louse","floor":3.0,"turns":2.0},{"damage":4.0,"enemies":"Lots of Slimes","floor":5.0,"turns":6.0},{"damage":10.0,"enemies":"3 Sentries","floor":7.0,"turns":9.0},{"damage":3.0,"enemies":"Exordium Wildlife","floor":12.0,"turns":3.0},{"damage":0.0,"enemies":"2 Fungi Beasts","floor":13.0,"turns":3.0},{"damage":0.0,"enemies":"Blue Slaver","floor":14.0,"turns":3.0},{"damage":43.0,"enemies":"Hexaghost","floor":16.0,"turns":16.0},{"damage":0.0,"enemies":"Spheric Guardian","floor":18.0,"turns":2.0},{"damage":15.0,"enemies":"2 Thieves","floor":19.0,"turns":4.0},{"damage":13.0,"enemies":"Sentry and Sphere","floor":20.0,"turns":6.0},{"damage":2.0,"enemies":"Masked Bandits","floor":21.0,"turns":4.0},{"damage":0.0,"enemies":"Shelled Parasite and Fungi","floor":22.0,"turns":4.0},{"damage":13.0,"enemies":"Book of Stabbing","floor":24.0,"turns":5.0},{"damage":1.0,"enemies":"Chosen and Byrds","floor":27.0,"turns":4.0},{"damage":8.0,"enemies":"Centurion and Healer","floor":30.0,"turns":4.0},{"damage":4.0,"enemies":"Shelled Parasite and Fungi","floor":31.0,"turns":3.0},{"damage":33.0,"enemies":"Champ","floor":33.0,"turns":9.0},{"damage":4.0,"enemies":"3 Shapes","floor":35.0,"turns":4.0},{"damage":18.0,"enemies":"3 Darklings","floor":38.0,"turns":4.0},{"damage":0.0,"enemies":"Sphere and 2 Shapes","floor":39.0,"turns":5.0},{"damage":2.0,"enemies":"Nemesis","floor":40.0,"turns":7.0},{"damage":0.0,"enemies":"Transient","floor":41.0,"turns":5.0},{"damage":26.0,"enemies":"Giant Head","floor":44.0,"turns":8.0},{"damage":3.0,"enemies":"Maw","floor":46.0,"turns":6.0},{"damage":26.0,"enemies":"Nemesis","floor":47.0,"turns":7.0},{"damage":4.0,"enemies":"4 Shapes","floor":48.0,"turns":5.0},{"damage":39,"enemies":"Donu and Deca","floor":50,"turns":6}],"seed_played":"7864244080460250980","potions_obtained":[{"floor":1.0,"key":"GamblersBrew"},{"floor":3.0,"key":"Ancient Potion"},{"floor":12.0,"key":"DistilledChaos"},{"floor":13.0,"key":"SteroidPotion"},{"floor":19.0,"key":"EntropicBrew"},{"floor":35.0,"key":"Fruit Juice"}],"is_trial":false,"path_per_floor":["M","M","M","$","M","R","E","R","T","R","$","M","M","M","R","B",null,"M","M","M","?","M","R","E","R","T","M","?","$","M","M","R","B",null,"M","?","$","M","M","E","M","R","T","E","?","M","E","M","R","B"],"character_chosen":"THE_SILENT","items_purchased":["Backflip","Dagger Spray","Infinite Blades","HandDrill","Footwork"],"campfire_rested":2,"item_purchase_floors":[4,11,29,37,37],"current_hp_per_floor":[70,70,70,70,66,66,56,56,56,56,56,53,53,53,53,10,70,70,55,42,40,40,40,27,27,27,26,26,26,18,14,35,2,70,66,66,66,48,48,46,46,46,46,22,40,39,13,11,33,0],"gold":260,"neow_bonus":"BOSS_RELIC","is_prod":false,"is_daily":false,"chose_seed":false,"campfire_upgraded":6,"win_rate":0,"timestamp":1625923706,"path_taken":["M","M","M","$","M","R","E","R","T","R","$","M","M","M","R","BOSS","M","M","M","?","M","R","E","R","T","M","?","$","M","M","R","BOSS","M","?","$","?","M","E","M","R","T","E","?","M","E","M","R","BOSS"],"build_version":"2020-12-22","purchased_purges":2,"victory":false,"max_hp_per_floor":[70,70,70,70,70,70,70,70,70,70,70,70,70,70,70,70,70,70,70,70,70,70,70,70,70,70,70,70,70,70,70,70,70,70,70,70,70,70,70,70,70,70,70,72,72,74,74,76,76,81],"card_choices":[{"not_picked":[],"picked":"Flechettes","floor":1.0},{"not_picked":[],"picked":"Dodge and Roll","floor":2.0},{"not_picked":[],"picked":"Acrobatics","floor":3.0},{"not_picked":["Cloak And Dagger"],"picked":"SKIP","floor":5.0},{"not_picked":[],"picked":"Acrobatics","floor":7.0},{"not_picked":[],"picked":"Cloak And Dagger","floor":12.0},{"not_picked":[],"picked":"Poisoned Stab","floor":13.0},{"not_picked":["Masterful Stab"],"picked":"SKIP","floor":14.0},{"not_picked":[],"picked":"Storm of Steel","floor":16.0},{"not_picked":["Slice"],"picked":"SKIP","floor":18.0},{"not_picked":["Choke"],"picked":"SKIP","floor":19.0},{"not_picked":["Dash"],"picked":"SKIP","floor":20.0},{"not_picked":[],"picked":"Bouncing Flask","floor":21.0},{"not_picked":["Flying Knee"],"picked":"SKIP","floor":22.0},{"not_picked":["Phantasmal Killer"],"picked":"SKIP","floor":24.0},{"not_picked":[],"picked":"Terror","floor":27.0},{"not_picked":["Slice"],"picked":"SKIP","floor":30.0},{"not_picked":[],"picked":"Deflect+1","floor":31.0},{"not_picked":[],"picked":"A Thousand Cuts","floor":33.0},{"not_picked":[],"picked":"Skewer+1","floor":35.0},{"not_picked":["Poisoned Stab+1"],"picked":"SKIP","floor":38.0},{"not_picked":["All Out Attack"],"picked":"SKIP","floor":39.0},{"not_picked":["Prepared"],"picked":"SKIP","floor":40.0},{"not_picked":[],"picked":"Dodge and Roll+1","floor":41.0},{"not_picked":["Underhanded Strike+1","Dagger Throw"],"picked":"Singing Bowl","floor":44.0},{"not_picked":["Skewer+1","Bane"],"picked":"Singing Bowl","floor":46.0},{"not_picked":["Poisoned Stab+1","Outmaneuver"],"picked":"SKIP","floor":47.0},{"not_picked":["After Image","Dagger Throw"],"picked":"Singing Bowl","floor":48.0}],"player_experience":737296,"relics_obtained":[{"floor":7.0,"key":"CaptainsWheel"},{"floor":21.0,"key":"Red Mask"},{"floor":24.0,"key":"Mercury Hourglass"},{"floor":26.0,"key":"Matryoshka"},{"floor":40.0,"key":"Happy Flower"},{"floor":43.0,"key":"Question Card"},{"floor":43.0,"key":"Snake Skull"},{"floor":44.0,"key":"Singing Bowl"},{"floor":47.0,"key":"Art of War"}],"event_choices":[{"damage_healed":0.0,"max_hp_gain":0.0,"max_hp_loss":0.0,"gold_gain":0.0,"event_name":"Masked Bandits","player_choice":"Fought Bandits","floor":21.0,"gold_loss":0.0,"damage_taken":0.0},{"damage_healed":0.0,"max_hp_gain":0.0,"max_hp_loss":0.0,"gold_gain":0.0,"event_name":"Vampires","player_choice":"Ignored","floor":28.0,"gold_loss":0.0,"damage_taken":0.0},{"cards_removed":["Riddle With Holes"],"damage_healed":0.0,"max_hp_gain":0.0,"max_hp_loss":0.0,"gold_gain":0.0,"event_name":"NoteForYourself","player_choice":"Took Card","floor":36.0,"gold_loss":0.0,"damage_taken":0.0,"cards_obtained":["Shame"]},{"damage_healed":18.0,"max_hp_gain":0.0,"max_hp_loss":0.0,"gold_gain":0.0,"event_name":"Winding Halls","player_choice":"Writhe","floor":45.0,"gold_loss":0.0,"damage_taken":0.0,"cards_obtained":["Writhe"]}],"is_beta":false,"boss_relics":[{"not_picked":["SacredBark","Empty Cage"],"picked":"Astrolabe"},{"not_picked":["Pandora\u0027s Box","SlaversCollar"],"picked":"Runic Pyramid"}],"items_purged_floors":[4,29],"is_endless":false,"potions_floor_spawned":[1,3,12,13,16,19,20,22,24,30,35,40,44,46],"killed_by":"Donu and Deca","ascension_level":0}