{"gold_per_floor":[111,58,69,144,46,78,151,151,204,204,219,246,263,213,213,213],"floor_reached":16,"playtime":866,"items_purged":["Strike_G"],"score":133,"play_id":"df807756-a4a4-431a-951e-552b48992611","local_time":"20211111210028","is_ascension_mode":false,"campfire_choices":[{"data":"Neutralize","floor":10,"key":"SMITH"},{"data":"Blade Dance","floor":15,"key":"SMITH"}],"neow_cost":"NONE","seed_source_timestamp":3800305498338000,"circlet_count":0,"master_deck":["Strike_G","Strike_G","Strike_G","Strike_G","Defend_G","Defend_G","Defend_G","Defend_G","Survivor","Neutralize+1","PiercingWail","Backflip","All Out Attack","Poisoned Stab","Blur","Regret","Blade Dance+1","Corpse Explosion","Backflip"],"relics":["Ring of the Snake","NeowsBlessing","Bronze Scales","Eternal Feather","InkBottle","Art of War"],"potions_floor_usage":[12],"damage_taken":[{"damage":0,"enemies":"2 Louse","floor":1,"turns":1},{"damage":0,"enemies":"Jaw Worm","floor":3,"turns":1},{"damage":0,"enemies":"Lagavulin","floor":6,"turns":1},{"damage":1,"enemies":"Small Slimes","floor":11,"turns":4},{"damage":23,"enemies":"Gremlin Nob","floor":12,"turns":5},{"damage":6,"enemies":"3 Louse","floor":13,"turns":2},{"damage":49,"enemies":"The Guardian","floor":16,"turns":13}],"seed_played":"4592964883197140162","potions_obtained":[{"floor":3,"key":"Energy Potion"}],"is_trial":false,"path_per_floor":["M","$","M","?","$","E","T","?","T","R","M","E","M","?","R","B"],"character_chosen":"THE_SILENT","items_purchased":["Backflip","Poisoned Stab"],"campfire_rested":0,"item_purchase_floors":[2,5],"current_hp_per_floor":[70,70,70,59,59,59,59,59,59,68,67,44,38,38,47,0],"gold":213,"neow_bonus":"THREE_ENEMY_KILL","is_prod":false,"is_daily":false,"chose_seed":false,"campfire_upgraded":2,"win_rate":0,"timestamp":1636635628,"path_taken":["M","$","M","?","$","E","?","?","T","R","M","E","M","?","R","BOSS"],"build_version":"2020-12-22","purchased_purges":1,"victory":false,"max_hp_per_floor":[70,70,70,70,70,70,70,70,70,70,70,70,70,70,70,70],"card_choices":[{"not_picked":["Escape Plan","Eviscerate"],"picked":"PiercingWail","floor":1},{"not_picked":["Deflect","Underhanded Strike"],"picked":"All Out Attack","floor":3},{"not_picked":["Quick Slash","Backflip"],"picked":"Blur","floor":6},{"not_picked":["Distraction","Dodge and Roll"],"picked":"Blade Dance","floor":11},{"not_picked":["Heel Hook","Dodge and Roll"],"picked":"Corpse Explosion","floor":12},{"not_picked":["PiercingWail","Outmaneuver"],"picked":"Backflip","floor":13}],"player_experience":758599,"relics_obtained":[{"floor":6,"key":"Bronze Scales"},{"floor":7,"key":"Eternal Feather"},{"floor":12,"key":"Art of War"}],"event_choices":[{"damage_healed":0,"gold_gain":75,"player_choice":"Gather Gold","damage_taken":11,"max_hp_gain":0,"max_hp_loss":0,"event_name":"World of Goop","floor":4,"gold_loss":0},{"damage_healed":0,"gold_gain":0,"player_choice":"Box","damage_taken":0,"relics_obtained":["InkBottle"],"max_hp_gain":0,"max_hp_loss":0,"event_name":"Big Fish","floor":8,"gold_loss":0,"cards_obtained":["Regret"]},{"cards_removed":["Defend_G"],"damage_healed":0,"gold_gain":0,"player_choice":"Card Removal","damage_taken":0,"max_hp_gain":0,"max_hp_loss":0,"event_name":"The Cleric","floor":14,"gold_loss":50}],"is_beta":false,"boss_relics":[],"items_purged_floors":[5],"is_endless":false,"potions_floor_spawned":[3],"killed_by":"The Guardian","ascension_level":0}