{"gold_per_floor":[119,131,141,155,165,165,182,202,202,202,202,213,93,111,111,213,213,227,167,183,10,26,26,42,42,42,42,42,42,56,85,85,85],"floor_reached":33,"playtime":2625,"items_purged":["Strike_R","Strike_R"],"score":262,"play_id":"cd4e82fa-26e8-4c9e-9621-2514c532acc7","local_time":"20200330230002","is_ascension_mode":false,"campfire_choices":[{"data":"Bash","floor":6.0,"key":"SMITH"},{"data":"Pommel Strike","floor":10.0,"key":"SMITH"},{"data":"Iron Wave","floor":15.0,"key":"SMITH"},{"floor":23.0,"key":"RECALL"},{"data":"Flame Barrier","floor":27.0,"key":"SMITH"},{"floor":32.0,"key":"REST"}],"neow_cost":"NONE","seed_source_timestamp":2202735830168615,"circlet_count":0,"master_deck":["Strike_R","Defend_R","Defend_R","Defend_R","Defend_R","Bash+1","Pommel Strike+1","Flame Barrier+1","Juggernaut","Cleave","Iron Wave+1","Demon Form","Disarm","Iron Wave","Metallicize","Heavy Blade","Barricade"],"special_seed":0,"relics":["Burning Blood","SacredBark","Toxic Egg 2","Sundial","Spirit Poop","Pocketwatch"],"potions_floor_usage":[],"damage_taken":[{"damage":1.0,"enemies":"Cultist","floor":1.0,"turns":4.0},{"damage":9.0,"enemies":"2 Louse","floor":2.0,"turns":4.0},{"damage":3.0,"enemies":"Jaw Worm","floor":3.0,"turns":4.0},{"damage":5.0,"enemies":"Exordium Wildlife","floor":4.0,"turns":5.0},{"damage":29.0,"enemies":"Gremlin Gang","floor":5.0,"turns":6.0},{"damage":3.0,"enemies":"Exordium Thugs","floor":7.0,"turns":5.0},{"damage":12.0,"enemies":"3 Louse","floor":8.0,"turns":4.0},{"damage":0.0,"enemies":"Large Slime","floor":12.0,"turns":5.0},{"damage":4.0,"enemies":"Red Slaver","floor":14.0,"turns":4.0},{"damage":53.0,"enemies":"Hexaghost","floor":16.0,"turns":11.0},{"damage":18.0,"enemies":"Spheric Guardian","floor":18.0,"turns":6.0},{"damage":11.0,"enemies":"2 Thieves","floor":19.0,"turns":4.0},{"damage":6.0,"enemies":"Shelled Parasite and Fungi","floor":20.0,"turns":11.0},{"damage":11.0,"enemies":"Chosen and Byrds","floor":22.0,"turns":8.0},{"damage":17.0,"enemies":"Cultist and Chosen","floor":24.0,"turns":8.0},{"damage":16.0,"enemies":"Shelled Parasite and Fungi","floor":30.0,"turns":9.0},{"damage":28.0,"enemies":"Book of Stabbing","floor":31.0,"turns":7.0},{"damage":58,"enemies":"Collector","floor":33,"turns":5}],"seed_played":"-3630584108824791967","potions_obtained":[{"floor":1.0,"key":"FearPotion"},{"floor":7.0,"key":"AttackPotion"},{"floor":12.0,"key":"LiquidBronze"},{"floor":20.0,"key":"LiquidMemories"}],"is_trial":false,"path_per_floor":["M","M","M","M","M","R","M","M","T","R","?","M","$","M","R","B",null,"M","M","M","$","M","R","M","?","T","R","$","?","M","E","R","B"],"character_chosen":"IRONCLAD","items_purchased":["Cleave","Metallicize"],"campfire_rested":1,"item_purchase_floors":[13,21],"current_hp_per_floor":[80,77,80,80,57,57,60,54,54,54,47,53,53,55,55,8,80,68,63,63,63,58,58,47,47,47,47,47,47,37,15,39,0],"gold":85,"neow_bonus":"REMOVE_CARD","is_prod":false,"is_daily":false,"chose_seed":false,"campfire_upgraded":4,"win_rate":0,"timestamp":1585638002,"path_taken":["M","M","M","M","M","R","M","?","T","R","?","M","$","M","R","BOSS","M","M","M","$","M","R","M","?","T","R","$","?","M","E","R","BOSS"],"build_version":"2020-01-27","purchased_purges":2,"victory":false,"max_hp_per_floor":[80,80,80,80,80,80,80,80,80,80,80,80,80,80,80,80,80,80,80,80,80,80,80,80,80,80,80,80,80,80,80,80,80],"card_choices":[{"not_picked":["Whirlwind","Combust","Sword Boomerang"],"picked":"SKIP","floor":1.0},{"not_picked":["Bloodletting","Rupture"],"picked":"Pommel Strike","floor":2.0},{"not_picked":["Flame Barrier","Flex","Anger"],"picked":"SKIP","floor":3.0},{"not_picked":["Burning Pact","Havoc","Battle Trance"],"picked":"SKIP","floor":4.0},{"not_picked":["Entrench","Clothesline","Feel No Pain"],"picked":"SKIP","floor":5.0},{"not_picked":["Whirlwind","Wild Strike"],"picked":"Flame Barrier","floor":7.0},{"not_picked":["Perfected Strike","True Grit","Headbutt"],"picked":"SKIP","floor":8.0},{"not_picked":["Whirlwind","Heavy Blade"],"picked":"Juggernaut","floor":12.0},{"not_picked":["Heavy Blade","Clothesline"],"picked":"Iron Wave","floor":14.0},{"not_picked":["Bludgeon","Limit Break"],"picked":"Demon Form","floor":16.0},{"not_picked":["Perfected Strike","Intimidate"],"picked":"Disarm","floor":18.0},{"not_picked":["Clash","Bloodletting","Spot Weakness"],"picked":"SKIP","floor":19.0},{"not_picked":["Ghostly Armor+1","Cleave"],"picked":"Iron Wave","floor":20.0},{"not_picked":["Body Slam+1","Anger+1","Metallicize"],"picked":"SKIP","floor":22.0},{"not_picked":["Anger","Blood for Blood+1"],"picked":"Heavy Blade","floor":24.0},{"not_picked":["Pummel+1","Heavy Blade","True Grit+1"],"picked":"SKIP","floor":30.0},{"not_picked":["Second Wind+1","Pommel Strike"],"picked":"Barricade","floor":31.0}],"player_experience":423246,"relics_obtained":[{"floor":26.0,"key":"Sundial"},{"floor":31.0,"key":"Pocketwatch"}],"event_choices":[{"cards_removed":["Strike_R"],"damage_healed":0.0,"max_hp_gain":0.0,"max_hp_loss":0.0,"gold_gain":0.0,"event_name":"Golden Wing","player_choice":"Card Removal","floor":11.0,"gold_loss":0.0,"damage_taken":7.0},{"damage_healed":0.0,"max_hp_gain":0.0,"max_hp_loss":0.0,"gold_gain":0.0,"event_name":"Addict","player_choice":"Stole Relic","floor":25.0,"gold_loss":0.0,"damage_taken":0.0,"relics_obtained":["Toxic Egg 2"],"cards_obtained":["Shame"]},{"cards_removed":["Shame"],"damage_healed":0.0,"max_hp_gain":0.0,"max_hp_loss":0.0,"gold_gain":0.0,"event_name":"Bonfire Elementals","player_choice":"Offered Curse","floor":29.0,"gold_loss":0.0,"damage_taken":0.0,"relics_obtained":["Spirit Poop"]}],"is_beta":false,"boss_relics":[{"not_picked":["Pandora\u0027s Box","Snecko Eye"],"picked":"SacredBark"}],"items_purged_floors":[13,21],"is_endless":false,"potions_floor_spawned":[1,7,12,20],"killed_by":"Collector","ascension_level":0}