{"gold_per_floor":[116,128,1,1,11,43,43,104,104,4,4,22,56,67,67,164,164,181,26,26,26,39,39,58,58,82,101,120,47,47,47,47,146,196,207,257,273,148,161,161,15,15,39,39,89,0,0,18,18,18,18,18,18,49,49],"floor_reached":55,"playtime":5109,"items_purged":["Injury","Defend_R","Strike_R"],"score":623,"play_id":"ab48f7ca-ac80-4995-9a7e-e4514ff4bdb4","local_time":"20200331203243","is_ascension_mode":false,"campfire_choices":[{"floor":7.0,"key":"RECALL"},{"data":"Carnage","floor":11.0,"key":"SMITH"},{"data":"Bash","floor":15.0,"key":"SMITH"},{"data":"Armaments","floor":23.0,"key":"SMITH"},{"data":"Corruption","floor":25.0,"key":"SMITH"},{"data":"Juggernaut","floor":30.0,"key":"SMITH"},{"data":"Flame Barrier","floor":32.0,"key":"SMITH"},{"data":"Flame Barrier","floor":40.0,"key":"SMITH"},{"data":"Disarm","floor":42.0,"key":"SMITH"},{"data":"Iron Wave","floor":44.0,"key":"SMITH"},{"data":"Warcry","floor":49.0,"key":"SMITH"},{"data":"Defend_R","floor":52.0,"key":"SMITH"}],"neow_cost":"CURSE","seed_source_timestamp":0,"circlet_count":0,"master_deck":["Strike_R","Strike_R","Defend_R+1","Defend_R","Defend_R","Bash+1","Flame Barrier+1","Warcry+1","Carnage+1","Metallicize+1","Shockwave+1","Corruption+1","Juggernaut+1","Armaments+1","Disarm+1","Iron Wave+1","Flame Barrier+1","Body Slam+1"],"special_seed":0,"relics":["Burning Blood","Torii","Unceasing Top","Bag of Marbles","Coffee Dripper","Potion Belt","Nilry\u0027s Codex","Bronze Scales","Tiny House","Ginger","Lee\u0027s Waffle","Smiling Mask","Turnip","Red Mask","Lantern"],"potions_floor_usage":[],"damage_taken":[{"damage":7.0,"enemies":"Small Slimes","floor":1.0,"turns":5.0},{"damage":1.0,"enemies":"Cultist","floor":2.0,"turns":3.0},{"damage":0.0,"enemies":"2 Louse","floor":5.0,"turns":3.0},{"damage":13.0,"enemies":"3 Sentries","floor":6.0,"turns":14.0},{"damage":10.0,"enemies":"3 Sentries","floor":8.0,"turns":10.0},{"damage":1.0,"enemies":"Looter","floor":12.0,"turns":4.0},{"damage":14.0,"enemies":"Gremlin Nob","floor":13.0,"turns":4.0},{"damage":0.0,"enemies":"Red Slaver","floor":14.0,"turns":4.0},{"damage":26.0,"enemies":"The Guardian","floor":16.0,"turns":13.0},{"damage":11.0,"enemies":"Spheric Guardian","floor":18.0,"turns":5.0},{"damage":2.0,"enemies":"Shell Parasite","floor":22.0,"turns":4.0},{"damage":2.0,"enemies":"Snake Plant","floor":24.0,"turns":6.0},{"damage":10.0,"enemies":"Centurion and Healer","floor":27.0,"turns":3.0},{"damage":2.0,"enemies":"Chosen and Byrds","floor":28.0,"turns":4.0},{"damage":42.0,"enemies":"Champ","floor":33.0,"turns":10.0},{"damage":10.0,"enemies":"3 Darklings","floor":35.0,"turns":4.0},{"damage":25.0,"enemies":"2 Orb Walkers","floor":36.0,"turns":7.0},{"damage":12.0,"enemies":"Orb Walker","floor":37.0,"turns":4.0},{"damage":2.0,"enemies":"Sphere and 2 Shapes","floor":39.0,"turns":5.0},{"damage":3.0,"enemies":"Mind Bloom Boss Battle","floor":45.0,"turns":6.0},{"damage":19.0,"enemies":"Spire Growth","floor":48.0,"turns":4.0},{"damage":42.0,"enemies":"Awakened One","floor":50.0,"turns":13.0},{"damage":67.0,"enemies":"Shield and Spear","floor":54.0,"turns":7.0},{"damage":36,"enemies":"The Heart","floor":55,"turns":6}],"seed_played":"1468433372021790737","potions_obtained":[{"floor":2.0,"key":"SneckoOil"},{"floor":8.0,"key":"SteroidPotion"},{"floor":14.0,"key":"ElixirPotion"},{"floor":16.0,"key":"BloodPotion"},{"floor":22.0,"key":"AttackPotion"},{"floor":28.0,"key":"Block Potion"},{"floor":34.0,"key":"HeartOfIron"},{"floor":36.0,"key":"LiquidMemories"},{"floor":45.0,"key":"SkillPotion"}],"is_trial":false,"path_per_floor":["M","M","$","?","M","E","R","?","T","$","R","M","E","M","R","B",null,"M","$","?","$","M","R","M","R","T","M","M","$","R","?","R","B",null,"M","?","M","$","M","R","$","R","T","R","?","?","$","M","R","B",null,"R","$","E","B"],"character_chosen":"IRONCLAD","items_purchased":["Block Potion","Potion Belt","Regen Potion","Lee\u0027s Waffle"],"campfire_rested":0,"item_purchase_floors":[3,19,29,41],"current_hp_per_floor":[79,80,80,80,80,73,73,69,69,69,69,74,66,72,72,52,80,75,75,59,59,63,63,67,67,67,63,67,67,67,67,67,46,85,81,62,56,56,60,60,92,92,92,92,92,92,92,79,79,61,92,92,92,31,0],"gold":49,"neow_bonus":"TRANSFORM_TWO_CARDS","is_prod":false,"is_daily":false,"chose_seed":false,"campfire_upgraded":11,"win_rate":0,"timestamp":1585715563,"path_taken":["M","M","$","?","?","E","R","?","T","$","R","M","E","M","R","BOSS","M","$","?","$","M","R","M","R","T","M","M","$","R","?","R","BOSS","M","?","M","$","M","R","$","R","T","R","?","?","?","M","R","BOSS","R","$","E","BOSS"],"build_version":"2020-01-27","purchased_purges":3,"victory":false,"max_hp_per_floor":[80,80,80,80,80,80,80,80,80,80,80,80,80,80,80,80,80,80,80,80,80,80,80,80,80,80,80,80,80,80,80,80,80,85,85,85,85,85,85,85,92,92,92,92,92,92,92,92,92,92,92,92,92,92,92],"card_choices":[{"not_picked":["Cleave","Perfected Strike"],"picked":"Carnage","floor":1.0},{"not_picked":["Clash","Heavy Blade"],"picked":"Metallicize","floor":2.0},{"not_picked":["Combust","Warcry","True Grit"],"picked":"SKIP","floor":5.0},{"not_picked":["Warcry","Burning Pact"],"picked":"Shockwave","floor":6.0},{"not_picked":["Sword Boomerang","Cleave"],"picked":"Corruption","floor":12.0},{"not_picked":["True Grit","Shrug It Off","Perfected Strike"],"picked":"SKIP","floor":13.0},{"not_picked":["Sword Boomerang","Anger","Clash"],"picked":"SKIP","floor":14.0},{"not_picked":["Immolate","Impervious"],"picked":"Juggernaut","floor":16.0},{"not_picked":["Shrug It Off","Warcry"],"picked":"Armaments","floor":18.0},{"not_picked":["Entrench","Havoc"],"picked":"Disarm","floor":22.0},{"not_picked":["Twin Strike","Shrug It Off","Clash"],"picked":"SKIP","floor":24.0},{"not_picked":["Armaments","Brutality","Dark Embrace"],"picked":"SKIP","floor":27.0},{"not_picked":["Thunderclap","Havoc","Anger"],"picked":"SKIP","floor":28.0},{"not_picked":["Rupture","Infernal Blade+1"],"picked":"Iron Wave","floor":34.0},{"not_picked":["Ghostly Armor+1","Heavy Blade"],"picked":"Flame Barrier","floor":35.0},{"not_picked":["Pommel Strike+1","Feel No Pain","True Grit+1"],"picked":"SKIP","floor":37.0},{"not_picked":["Second Wind+1","Reckless Charge+1","Rupture"],"picked":"SKIP","floor":39.0},{"not_picked":["Searing Blow","Perfected Strike","Wild Strike"],"picked":"SKIP","floor":48.0},{"not_picked":["Cleave+1","Juggernaut"],"picked":"Body Slam+1","floor":54.0}],"player_experience":425871,"relics_obtained":[{"floor":6.0,"key":"Torii"},{"floor":13.0,"key":"Bag of Marbles"},{"floor":20.0,"key":"Nilry\u0027s Codex"},{"floor":26.0,"key":"Bronze Scales"},{"floor":36.0,"key":"Ginger"},{"floor":43.0,"key":"Smiling Mask"},{"floor":45.0,"key":"Turnip"},{"floor":54.0,"key":"Lantern"}],"event_choices":[{"damage_healed":0.0,"max_hp_gain":0.0,"max_hp_loss":0.0,"gold_gain":0.0,"event_name":"Accursed Blacksmith","player_choice":"Forge","floor":4.0,"gold_loss":0.0,"damage_taken":0.0,"cards_upgraded":["Metallicize"]},{"damage_healed":0.0,"max_hp_gain":0.0,"max_hp_loss":0.0,"gold_gain":0.0,"event_name":"Dead Adventurer","player_choice":"Searched \u00272\u0027 times","floor":8.0,"gold_loss":0.0,"damage_taken":0.0,"relics_obtained":["Unceasing Top"]},{"damage_healed":0.0,"max_hp_gain":0.0,"max_hp_loss":0.0,"gold_gain":0.0,"event_name":"Cursed Tome","player_choice":"Obtained Book","floor":20.0,"gold_loss":0.0,"damage_taken":16.0},{"damage_healed":0.0,"max_hp_gain":0.0,"max_hp_loss":0.0,"gold_gain":0.0,"event_name":"Match and Keep!","player_choice":"0 cards matched","floor":31.0,"gold_loss":0.0,"damage_taken":0.0,"cards_obtained":[]},{"damage_healed":0.0,"max_hp_gain":0.0,"max_hp_loss":0.0,"gold_gain":0.0,"event_name":"Mysterious Sphere","player_choice":"Fight","floor":36.0,"gold_loss":0.0,"damage_taken":0.0},{"damage_healed":0.0,"max_hp_gain":0.0,"max_hp_loss":0.0,"gold_gain":0.0,"event_name":"MindBloom","player_choice":"Fight","floor":45.0,"gold_loss":0.0,"damage_taken":0.0},{"damage_healed":0.0,"max_hp_gain":0.0,"max_hp_loss":0.0,"gold_gain":0.0,"event_name":"Tomb of Lord Red Mask","player_choice":"Paid","floor":46.0,"gold_loss":89.0,"damage_taken":0.0,"relics_obtained":["Red Mask"]}],"is_beta":false,"boss_relics":[{"not_picked":["Cursed Key","Ectoplasm"],"picked":"Coffee Dripper"},{"not_picked":["Runic Cube","Astrolabe"],"picked":"Tiny House"}],"items_purged_floors":[3,10,38],"is_endless":false,"potions_floor_spawned":[2,8,14,16,22,28,36,45],"killed_by":"The Heart","ascension_level":0}