{"gold_per_floor":[117,117,38,56,71,90,90,145,172,47,63,89,167,184,184,281,281,301,288,115,30,30,30,41,41,41,54,54,69,80,80],"floor_reached":31,"playtime":2019,"items_purged":["Strike_R","Strike_R"],"score":239,"play_id":"f8c6476f-e326-417e-b301-c055fdffb2aa","local_time":"20200402215405","is_ascension_mode":false,"campfire_choices":[{"data":"Armaments","floor":7.0,"key":"SMITH"},{"floor":15.0,"key":"RECALL"},{"floor":23.0,"key":"REST"},{"floor":25,"key":"REST"},{"data":"Searing Blow","floor":28,"key":"SMITH"}],"neow_cost":"NONE","seed_source_timestamp":2459006072730666,"circlet_count":0,"master_deck":["Strike_R","Strike_R","Strike_R","Defend_R","Defend_R","Defend_R","Defend_R","Bash+1","Carnage","Bandage Up","Armaments+1","Searing Blow+1","Juggernaut","Corruption+1","Uppercut","Metallicize","Demon Form"],"special_seed":0,"relics":["Burning Blood","Omamori","Vajra","Pantograph","Anchor","Ancient Tea Set"],"potions_floor_usage":[24],"damage_taken":[{"damage":0.0,"enemies":"Small Slimes","floor":1.0,"turns":3.0},{"damage":1.0,"enemies":"Cultist","floor":4.0,"turns":3.0},{"damage":8.0,"enemies":"2 Louse","floor":5.0,"turns":3.0},{"damage":13.0,"enemies":"Gremlin Gang","floor":6.0,"turns":5.0},{"damage":15.0,"enemies":"Gremlin Nob","floor":8.0,"turns":4.0},{"damage":6.0,"enemies":"3 Louse","floor":11.0,"turns":4.0},{"damage":21.0,"enemies":"Lagavulin","floor":12.0,"turns":5.0},{"damage":8.0,"enemies":"2 Fungi Beasts","floor":14.0,"turns":3.0},{"damage":59.0,"enemies":"The Guardian","floor":16.0,"turns":11.0},{"damage":54.0,"enemies":"3 Byrds","floor":18.0,"turns":8.0},{"damage":30.0,"enemies":"2 Thieves","floor":19.0,"turns":4.0},{"damage":28,"enemies":"Cultist and Chosen","floor":24,"turns":7},{"damage":12,"enemies":"Snecko","floor":27,"turns":4},{"damage":14,"enemies":"Centurion and Healer","floor":29,"turns":8},{"damage":40,"enemies":"Shelled Parasite and Fungi","floor":30,"turns":7},{"damage":14,"enemies":"Sentry and Sphere","floor":31,"turns":2}],"seed_played":"-3610635134012695979","potions_obtained":[{"floor":1.0,"key":"DuplicationPotion"},{"floor":5.0,"key":"PowerPotion"},{"floor":12.0,"key":"Fire Potion"},{"floor":18.0,"key":"Strength Potion"}],"is_trial":false,"path_per_floor":["M","?","$","M","M","M","R","?","T","$","M","E","T","M","R","B",null,"M","M","$","?","?","R","M","R","T","M","R","M","M","M"],"character_chosen":"IRONCLAD","items_purchased":["Searing Blow","BloodPotion","Metallicize"],"campfire_rested":2,"item_purchase_floors":[3,10,20],"current_hp_per_floor":[80,80,80,80,78,75,75,66,66,66,70,75,75,77,77,31,80,36,16,16,16,16,40,22,46,46,44,44,40,10,0],"gold":80,"neow_bonus":"UPGRADE_CARD","is_prod":false,"is_daily":false,"chose_seed":false,"campfire_upgraded":2,"win_rate":0,"timestamp":1585893245,"path_taken":["M","?","?","M","M","M","R","?","T","$","M","E","?","M","R","BOSS","M","?","$","?","?","R","M","R","T","M","R","M","M","M"],"build_version":"2020-01-27","purchased_purges":2,"victory":false,"max_hp_per_floor":[80,80,80,80,80,80,80,80,80,80,80,80,80,80,80,80,80,80,80,80,80,80,80,80,80,80,80,80,80,80,80],"card_choices":[{"not_picked":["Disarm","Iron Wave"],"picked":"Carnage","floor":1.0},{"not_picked":["Body Slam","Heavy Blade","Iron Wave"],"picked":"SKIP","floor":4.0},{"not_picked":["Cleave","Sentinel","Searing Blow"],"picked":"SKIP","floor":5.0},{"not_picked":["Demon Form","Perfected Strike","Havoc"],"picked":"SKIP","floor":6.0},{"not_picked":["Twin Strike","Flex","Perfected Strike"],"picked":"SKIP","floor":11.0},{"not_picked":["Armaments","Wild Strike"],"picked":"Juggernaut","floor":12.0},{"not_picked":["Thunderclap","Evolve","Flex"],"picked":"SKIP","floor":14.0},{"not_picked":["Fiend Fire","Feed"],"picked":"Corruption","floor":16.0},{"not_picked":["Clothesline","Ghostly Armor"],"picked":"Uppercut","floor":18.0},{"not_picked":["Flex+1","True Grit","Clash"],"picked":"SKIP","floor":19.0},{"not_picked":["Blood for Blood+1","Dark Embrace+1","Shrug It Off+1"],"picked":"SKIP","floor":24},{"not_picked":["Rupture","Havoc+1","Dark Embrace"],"picked":"SKIP","floor":27},{"not_picked":["Shrug It Off","Spot Weakness","Iron Wave+1"],"picked":"SKIP","floor":29},{"not_picked":["Iron Wave","Intimidate+1"],"picked":"Demon Form","floor":30}],"player_experience":430980,"relics_obtained":[{"floor":8.0,"key":"Omamori"},{"floor":12.0,"key":"Vajra"},{"floor":13.0,"key":"Pantograph"},{"floor":26,"key":"Ancient Tea Set"}],"event_choices":[{"damage_healed":0.0,"max_hp_gain":0.0,"max_hp_loss":0.0,"gold_gain":0.0,"event_name":"Match and Keep!","player_choice":"2 cards matched","floor":2.0,"gold_loss":0.0,"damage_taken":0.0,"cards_obtained":["Bandage Up","Armaments"]},{"damage_healed":0.0,"max_hp_gain":0.0,"max_hp_loss":0.0,"gold_gain":0.0,"event_name":"Dead Adventurer","player_choice":"Searched \u00271\u0027 times","floor":8.0,"gold_loss":0.0,"damage_taken":0.0},{"damage_healed":0.0,"max_hp_gain":0.0,"max_hp_loss":0.0,"gold_gain":0.0,"event_name":"Addict","player_choice":"Obtained Relic","floor":21.0,"gold_loss":85.0,"damage_taken":0.0,"relics_obtained":["Anchor"]},{"damage_healed":0.0,"max_hp_gain":0.0,"max_hp_loss":0.0,"gold_gain":0.0,"event_name":"Accursed Blacksmith","player_choice":"Forge","floor":22.0,"gold_loss":0.0,"damage_taken":0.0,"cards_upgraded":["Corruption"]}],"is_beta":false,"boss_relics":[{"not_picked":["Runic Dome","Runic Pyramid","Snecko Eye"]}],"items_purged_floors":[10,20],"is_endless":false,"potions_floor_spawned":[1,5,12,18],"killed_by":"Sentry and Sphere","ascension_level":0}