{"gold_per_floor":[116,116,191,207,224,249,249,267,347,362,362,382,395,427,427,528,528,512,523,5,21,31,31,59,74,74,74],"floor_reached":27,"playtime":2205,"items_purged":["Defend_R"],"score":249,"play_id":"5e9f0dd1-bbb6-4805-be33-c60842042f5a","local_time":"20200329113032","is_ascension_mode":false,"campfire_choices":[{"data":"True Grit","floor":7.0,"key":"SMITH"},{"floor":11.0,"key":"RECALL"},{"data":"Armaments","floor":15.0,"key":"SMITH"},{"floor":23,"key":"REST"}],"neow_cost":"CURSE","seed_source_timestamp":0,"circlet_count":0,"master_deck":["Strike_R","Strike_R","Strike_R","Strike_R","Strike_R","Defend_R","Defend_R","Defend_R","Bash","True Grit+1","Armaments+1","Bludgeon","Inflame","Flame Barrier","Berserk","Cleave","Limit Break","Seeing Red"],"special_seed":0,"relics":["Burning Blood","Bird Faced Urn","Ice Cream","Pear","Tiny Chest","SlaversCollar","Regal Pillow","Pen Nib","Bag of Marbles","Orichalcum"],"potions_floor_usage":[21],"damage_taken":[{"damage":5.0,"enemies":"Jaw Worm","floor":1.0,"turns":5.0},{"damage":7.0,"enemies":"Small Slimes","floor":4.0,"turns":3.0},{"damage":3.0,"enemies":"Cultist","floor":5.0,"turns":4.0},{"damage":41.0,"enemies":"Gremlin Nob","floor":6.0,"turns":6.0},{"damage":2.0,"enemies":"Large Slime","floor":8.0,"turns":6.0},{"damage":10.0,"enemies":"Red Slaver","floor":10.0,"turns":4.0},{"damage":4.0,"enemies":"Exordium Thugs","floor":12.0,"turns":6.0},{"damage":2.0,"enemies":"3 Louse","floor":13.0,"turns":7.0},{"damage":22.0,"enemies":"3 Sentries","floor":14.0,"turns":8.0},{"damage":23.0,"enemies":"Slime Boss","floor":16.0,"turns":7.0},{"damage":23,"enemies":"2 Thieves","floor":18,"turns":4},{"damage":15,"enemies":"Spheric Guardian","floor":19,"turns":4},{"damage":50,"enemies":"Chosen and Byrds","floor":21,"turns":7},{"damage":6,"enemies":"Snecko","floor":22,"turns":4},{"damage":50,"enemies":"Book of Stabbing","floor":24,"turns":6},{"damage":29,"enemies":"3 Cultists","floor":25,"turns":6},{"damage":15,"enemies":"Cultist and Chosen","floor":27,"turns":4}],"seed_played":"-6071369264687696080","potions_obtained":[{"floor":1.0,"key":"BlessingOfTheForge"},{"floor":8.0,"key":"Energy Potion"},{"floor":10.0,"key":"Dexterity Potion"},{"floor":12.0,"key":"Block Potion"},{"floor":19,"key":"SkillPotion"},{"floor":22,"key":"EntropicBrew"},{"floor":25,"key":"BlessingOfTheForge"}],"is_trial":false,"path_per_floor":["M","?","?","M","M","E","R","M","T","M","R","M","M","E","R","B",null,"M","M","$","M","M","R","E","M","T","M"],"character_chosen":"IRONCLAD","items_purchased":["Regal Pillow","Pen Nib","Limit Break"],"campfire_rested":1,"item_purchase_floors":[20,20,20],"current_hp_per_floor":[80,73,65,64,67,32,32,36,46,42,42,44,48,34,34,19,90,73,64,64,24,28,70,30,11,11,0],"gold":74,"neow_bonus":"ONE_RARE_RELIC","is_prod":false,"is_daily":false,"chose_seed":false,"campfire_upgraded":2,"win_rate":0,"timestamp":1585510232,"path_taken":["M","?","?","M","M","E","R","M","T","M","R","M","?","E","R","BOSS","M","M","$","M","M","R","E","M","T","M"],"build_version":"2020-01-27","purchased_purges":1,"victory":false,"max_hp_per_floor":[80,80,80,80,80,80,80,80,90,90,90,90,90,90,90,90,90,90,90,90,90,90,90,90,90,90,90],"card_choices":[{"not_picked":["Twin Strike","Clothesline"],"picked":"True Grit","floor":1.0},{"not_picked":["Evolve","Infernal Blade","Shockwave"],"picked":"SKIP","floor":4.0},{"not_picked":["Wild Strike","Shockwave","Anger"],"picked":"SKIP","floor":5.0},{"not_picked":["Twin Strike","Shockwave","Havoc"],"picked":"SKIP","floor":6.0},{"not_picked":["Disarm","Iron Wave"],"picked":"Armaments","floor":8.0},{"not_picked":["Shrug It Off","Wild Strike","Sword Boomerang"],"picked":"SKIP","floor":10.0},{"not_picked":["Clothesline","Pommel Strike"],"picked":"Bludgeon","floor":12.0},{"not_picked":["Headbutt","Sword Boomerang"],"picked":"Inflame","floor":13.0},{"not_picked":["Anger","True Grit"],"picked":"Flame Barrier","floor":14.0},{"not_picked":["Corruption","Feed"],"picked":"Berserk","floor":16.0},{"not_picked":["Havoc","Armaments","Anger"],"picked":"SKIP","floor":18},{"not_picked":["Clash+1","Twin Strike"],"picked":"Cleave","floor":19},{"not_picked":["Wild Strike+1","Cleave+1","Headbutt"],"picked":"SKIP","floor":21},{"not_picked":["Headbutt+1","Searing Blow","Warcry"],"picked":"SKIP","floor":22},{"not_picked":["Feel No Pain","Berserk","Bludgeon"],"picked":"SKIP","floor":24},{"not_picked":["Rage+1","Clash"],"picked":"Seeing Red","floor":25}],"player_experience":421041,"relics_obtained":[{"floor":6.0,"key":"Ice Cream"},{"floor":9.0,"key":"Pear"},{"floor":14.0,"key":"Tiny Chest"},{"floor":24,"key":"Bag of Marbles"},{"floor":26,"key":"Orichalcum"}],"event_choices":[{"cards_removed":["Doubt"],"damage_healed":0.0,"max_hp_gain":0.0,"max_hp_loss":0.0,"gold_gain":0.0,"event_name":"Golden Wing","player_choice":"Card Removal","floor":2.0,"gold_loss":0.0,"damage_taken":7.0},{"damage_healed":0.0,"max_hp_gain":0.0,"max_hp_loss":0.0,"gold_gain":75.0,"event_name":"FaceTrader","player_choice":"Touch","floor":3.0,"gold_loss":0.0,"damage_taken":8.0}],"is_beta":false,"boss_relics":[{"not_picked":["Pandora\u0027s Box","Astrolabe"],"picked":"SlaversCollar"}],"items_purged_floors":[20],"is_endless":false,"potions_floor_spawned":[1,8,10,12,19,22,25],"killed_by":"Cultist and Chosen","ascension_level":0}