{"gold_per_floor":[216,230,4,4,17,30,43,69,69,69,79,79,99,117,117,220,220,231,242,254,267,281,281,296,296,322,26,26,36,52,52,52,151,151,162,177,177,177,227,227,227,227,253,288,342,362,362,380,380,380,380,380,44,77,77],"floor_reached":55,"playtime":6270,"items_purged":["Defend_R","Clumsy"],"score":682,"play_id":"241238e5-b8f4-465d-9213-3217ddf56e50","local_time":"20200410144942","is_ascension_mode":false,"campfire_choices":[{"data":"Armaments","floor":10.0,"key":"SMITH"},{"data":"Bash","floor":12.0,"key":"SMITH"},{"data":"Bludgeon","floor":15.0,"key":"SMITH"},{"data":"Barricade","floor":23.0,"key":"SMITH"},{"floor":25.0,"key":"RECALL"},{"data":"Sentinel","floor":28.0,"key":"SMITH"},{"data":"Feel No Pain","floor":32.0,"key":"SMITH"},{"data":"Flame Barrier","floor":40.0,"key":"SMITH"},{"data":"Secret Weapon","floor":42.0,"key":"SMITH"},{"data":"Second Wind","floor":47.0,"key":"SMITH"},{"data":"Clash","floor":49.0,"key":"SMITH"},{"data":"Spot Weakness","floor":52.0,"key":"SMITH"}],"neow_cost":"NONE","seed_source_timestamp":3119458550410256,"circlet_count":0,"master_deck":["Strike_R","Strike_R","Strike_R","Strike_R","Strike_R","Defend_R","Defend_R","Bash+1","Shrug It Off","Armaments+1","Bludgeon+1","Sever Soul","Clash+1","Perfected Strike","Sentinel+1","Barricade+1","Flame Barrier+1","Feel No Pain+1","Second Wind+1","True Grit","Corruption+1","Rage+1","Injury","Spot Weakness+1","Secret Weapon+1","Writhe","Shockwave+1","Sentinel","Dropkick+1"],"special_seed":0,"relics":["Burning Blood","Pocketwatch","Cursed Key","Smiling Mask","Frozen Egg 2","SlaversCollar","Shuriken","Magic Flower","Bronze Scales","Darkstone Periapt","Charon\u0027s Ashes","StoneCalendar","Paper Frog"],"potions_floor_usage":[55],"damage_taken":[{"damage":7.0,"enemies":"2 Louse","floor":1.0,"turns":3.0},{"damage":1.0,"enemies":"Cultist","floor":2.0,"turns":3.0},{"damage":3.0,"enemies":"Small Slimes","floor":5.0,"turns":2.0},{"damage":8.0,"enemies":"Red Slaver","floor":6.0,"turns":3.0},{"damage":5.0,"enemies":"Looter","floor":7.0,"turns":3.0},{"damage":20.0,"enemies":"3 Sentries","floor":8.0,"turns":10.0},{"damage":4.0,"enemies":"3 Louse","floor":11.0,"turns":3.0},{"damage":0.0,"enemies":"Exordium Wildlife","floor":13.0,"turns":3.0},{"damage":3.0,"enemies":"Large Slime","floor":14.0,"turns":3.0},{"damage":29.0,"enemies":"The Guardian","floor":16.0,"turns":7.0},{"damage":15.0,"enemies":"2 Thieves","floor":18.0,"turns":4.0},{"damage":16.0,"enemies":"Spheric Guardian","floor":19.0,"turns":4.0},{"damage":4.0,"enemies":"Snecko","floor":20.0,"turns":4.0},{"damage":4.0,"enemies":"Snake Plant","floor":21.0,"turns":5.0},{"damage":12.0,"enemies":"Shelled Parasite and Fungi","floor":22.0,"turns":6.0},{"damage":0.0,"enemies":"Chosen and Byrds","floor":24.0,"turns":7.0},{"damage":14.0,"enemies":"Sentry and Sphere","floor":29.0,"turns":6.0},{"damage":8.0,"enemies":"Centurion and Healer","floor":30.0,"turns":6.0},{"damage":9.0,"enemies":"Champ","floor":33.0,"turns":15.0},{"damage":14.0,"enemies":"3 Shapes","floor":35.0,"turns":6.0},{"damage":16.0,"enemies":"Orb Walker","floor":36.0,"turns":5.0},{"damage":0.0,"enemies":"Sphere and 2 Shapes","floor":38.0,"turns":1.0},{"damage":0.0,"enemies":"Mind Bloom Boss Battle","floor":39.0,"turns":7.0},{"damage":0.0,"enemies":"Giant Head","floor":44.0,"turns":8.0},{"damage":19.0,"enemies":"2 Orb Walkers","floor":45.0,"turns":6.0},{"damage":0.0,"enemies":"Transient","floor":46.0,"turns":5.0},{"damage":9.0,"enemies":"Spire Growth","floor":48.0,"turns":6.0},{"damage":51.0,"enemies":"Awakened One","floor":50.0,"turns":15.0},{"damage":63.0,"enemies":"Shield and Spear","floor":54.0,"turns":7.0},{"damage":73,"enemies":"The Heart","floor":55,"turns":3}],"seed_played":"6195943472555644994","potions_obtained":[{"floor":1.0,"key":"Block Potion"},{"floor":5.0,"key":"SkillPotion"},{"floor":8.0,"key":"Swift Potion"},{"floor":13.0,"key":"PowerPotion"},{"floor":16.0,"key":"Explosive Potion"},{"floor":19.0,"key":"Regen Potion"},{"floor":22.0,"key":"SkillPotion"},{"floor":24.0,"key":"SmokeBomb"},{"floor":33.0,"key":"Fire Potion"},{"floor":35.0,"key":"Regen Potion"},{"floor":45.0,"key":"Energy Potion"},{"floor":46.0,"key":"BloodPotion"}],"is_trial":false,"path_per_floor":["M","M","$","?","M","M","M","E","T","R","M","R","M","M","R","B",null,"M","M","M","M","M","R","M","R","T","$","R","M","M","?","R","B",null,"M","M","T","M","?","R","?","R","T","E","?","M","R","M","R","B",null,"R","$","E","B"],"character_chosen":"IRONCLAD","items_purchased":["Bludgeon","Frozen Egg 2","StoneCalendar","BlessingOfTheForge"],"campfire_rested":0,"item_purchase_floors":[3,27,53,53],"current_hp_per_floor":[79,80,80,80,80,78,79,65,65,65,67,67,73,76,76,53,80,71,61,63,79,73,73,79,79,79,79,79,71,69,69,69,66,80,72,62,62,68,80,80,80,80,80,80,70,79,79,79,79,37,80,80,80,50,0],"gold":77,"neow_bonus":"HUNDRED_GOLD","is_prod":false,"is_daily":false,"chose_seed":false,"campfire_upgraded":11,"win_rate":0,"timestamp":1586558982,"path_taken":["M","M","$","?","?","M","M","E","T","R","M","R","M","M","R","BOSS","M","M","M","M","M","R","M","R","T","$","R","M","M","?","R","BOSS","M","M","?","M","?","R","?","R","T","E","?","M","R","M","R","BOSS","R","$","E","BOSS"],"build_version":"2020-01-27","purchased_purges":2,"victory":false,"max_hp_per_floor":[80,80,80,80,80,80,80,80,80,80,80,80,80,80,80,80,80,80,80,80,80,80,80,80,80,80,80,80,80,80,80,80,80,80,80,80,80,80,80,80,80,80,80,80,80,80,80,80,80,80,80,80,80,80,80],"card_choices":[{"not_picked":["Thunderclap","Heavy Blade"],"picked":"Shrug It Off","floor":1.0},{"not_picked":["Wild Strike","True Grit"],"picked":"Armaments","floor":2.0},{"not_picked":["Thunderclap","Warcry","Havoc"],"picked":"SKIP","floor":5.0},{"not_picked":["Iron Wave","Perfected Strike"],"picked":"Clash","floor":6.0},{"not_picked":["Cleave","True Grit"],"picked":"Perfected Strike","floor":7.0},{"not_picked":["Uppercut","Cleave"],"picked":"Sentinel","floor":8.0},{"not_picked":["Headbutt","Pommel Strike","Cleave"],"picked":"SKIP","floor":11.0},{"not_picked":["Clothesline","Entrench","Armaments"],"picked":"SKIP","floor":13.0},{"not_picked":["Fire Breathing","Headbutt","Uppercut"],"picked":"SKIP","floor":14.0},{"not_picked":["Immolate","Corruption"],"picked":"Barricade","floor":16.0},{"not_picked":["Battle Trance","Headbutt","Whirlwind+1"],"picked":"SKIP","floor":18.0},{"not_picked":["Flex","Clothesline","Cleave+1"],"picked":"SKIP","floor":19.0},{"not_picked":["Disarm","Wild Strike"],"picked":"Flame Barrier","floor":20.0},{"not_picked":["Body Slam+1","Armaments"],"picked":"Feel No Pain","floor":21.0},{"not_picked":["Shrug It Off","Warcry","Heavy Blade"],"picked":"SKIP","floor":22.0},{"not_picked":["Inflame","Thunderclap+1"],"picked":"Second Wind","floor":24.0},{"not_picked":["Evolve+1","Ghostly Armor","Offering"],"picked":"SKIP","floor":29.0},{"not_picked":["Clash+1","Sever Soul"],"picked":"True Grit","floor":30.0},{"not_picked":["Immolate","Berserk+1"],"picked":"Corruption+1","floor":33.0},{"not_picked":["Body Slam+1","Headbutt+1","Searing Blow"],"picked":"SKIP","floor":35.0},{"not_picked":["Flex","Clothesline+1"],"picked":"Rage+1","floor":36.0},{"not_picked":["Body Slam+1","Flame Barrier"],"picked":"Spot Weakness","floor":39.0},{"not_picked":["Forethought","Blind"],"picked":"Secret Weapon","floor":41.0},{"not_picked":["Armaments+1","Body Slam"],"picked":"Shockwave+1","floor":44.0},{"not_picked":["Pommel Strike+1","Clothesline+1"],"picked":"Sentinel","floor":46.0},{"not_picked":["Clothesline","Sword Boomerang+1","Rage+1"],"picked":"SKIP","floor":48.0},{"not_picked":["Twin Strike","Iron Wave"],"picked":"Dropkick+1","floor":54.0}],"player_experience":438634,"relics_obtained":[{"floor":8.0,"key":"Pocketwatch"},{"floor":26.0,"key":"Smiling Mask"},{"floor":37.0,"key":"Shuriken"},{"floor":39.0,"key":"Magic Flower"},{"floor":43.0,"key":"Bronze Scales"},{"floor":44.0,"key":"Darkstone Periapt"},{"floor":45.0,"key":"Charon\u0027s Ashes"},{"floor":54.0,"key":"Paper Frog"}],"event_choices":[{"damage_healed":0.0,"max_hp_gain":0.0,"max_hp_loss":0.0,"gold_gain":0.0,"event_name":"Match and Keep!","player_choice":"1 cards matched","floor":4.0,"gold_loss":0.0,"damage_taken":0.0,"cards_obtained":["Sever Soul"]},{"cards_removed":["Defend_R"],"damage_healed":0.0,"max_hp_gain":0.0,"max_hp_loss":0.0,"gold_gain":0.0,"event_name":"Purifier","player_choice":"Purged","floor":31.0,"gold_loss":0.0,"damage_taken":0.0},{"damage_healed":0.0,"max_hp_gain":0.0,"max_hp_loss":0.0,"gold_gain":0.0,"event_name":"MindBloom","player_choice":"Fight","floor":39.0,"gold_loss":0.0,"damage_taken":0.0},{"damage_healed":0.0,"max_hp_gain":0.0,"max_hp_loss":0.0,"gold_gain":0.0,"event_name":"SensoryStone","player_choice":"Memory 1","floor":41.0,"gold_loss":0.0,"damage_taken":0.0},{"damage_healed":0.0,"max_hp_gain":0.0,"max_hp_loss":0.0,"gold_gain":0.0,"event_name":"Mysterious Sphere","player_choice":"Fight","floor":45.0,"gold_loss":0.0,"damage_taken":0.0}],"is_beta":false,"boss_relics":[{"not_picked":["Black Star","Calling Bell"],"picked":"Cursed Key"},{"not_picked":["SacredBark","Busted Crown"],"picked":"SlaversCollar"}],"items_purged_floors":[3,27],"is_endless":false,"potions_floor_spawned":[1,5,8,13,16,19,22,24,33,35,38,45,46],"killed_by":"The Heart","ascension_level":0}