{"gold_per_floor":[114,131,144,154,170,170,196,216,266,277,277,277,294,325,325,426,426,443,205,219,219,238,238,258,258,284,284,312,322,354,365,365,466,466,476,476,487,487,143,170,186,201,246,270,293,36,48,67,67,67,67,67,41,76,76],"floor_reached":56,"playtime":4907,"items_purged":["Armaments+1","Writhe","Writhe"],"score":1189,"play_id":"7ad69a75-8754-48c2-b70a-6b41e615bb59","local_time":"20200412141012","is_ascension_mode":false,"campfire_choices":[{"data":"Armaments","floor":6.0,"key":"SMITH"},{"data":"Barricade","floor":11.0,"key":"SMITH"},{"floor":15.0,"key":"RECALL"},{"data":"Bash","floor":23.0,"key":"SMITH"},{"data":"Seeing Red","floor":25.0,"key":"SMITH"},{"data":"Flame Barrier","floor":27.0,"key":"SMITH"},{"floor":32.0,"key":"REST"},{"data":"Metallicize","floor":49,"key":"SMITH"},{"data":"Metallicize","floor":52,"key":"SMITH"}],"neow_cost":"NONE","seed_source_timestamp":3292158488982154,"circlet_count":0,"master_deck":["Strike_R","Strike_R","Strike_R","Defend_R","Defend_R","Defend_R","Defend_R","Bash+1","Seeing Red+1","Flame Barrier+1","Barricade+1","Clothesline","Impervious+1","Apotheosis+1","Metallicize+1","Flame Barrier+1","Shockwave+1","Body Slam","Metallicize+1","Entrench+1","Body Slam","Body Slam+1","True Grit+1","Burning Pact+1"],"special_seed":0,"relics":["Burning Blood","NeowsBlessing","Toxic Egg 2","Red Skull","Paper Frog","Runic Cube","Meat on the Bone","Pen Nib","Cursed Key","Bag of Preparation","White Beast Statue","MawBank","Lantern","Ornamental Fan"],"potions_floor_usage":[54],"damage_taken":[{"damage":0.0,"enemies":"Cultist","floor":1.0,"turns":1.0},{"damage":0.0,"enemies":"2 Louse","floor":2.0,"turns":1.0},{"damage":0.0,"enemies":"Jaw Worm","floor":3.0,"turns":1.0},{"damage":10.0,"enemies":"Gremlin Gang","floor":4.0,"turns":6.0},{"damage":0.0,"enemies":"Looter","floor":5.0,"turns":5.0},{"damage":34.0,"enemies":"Gremlin Nob","floor":7.0,"turns":6.0},{"damage":16.0,"enemies":"3 Louse","floor":8.0,"turns":6.0},{"damage":4.0,"enemies":"Blue Slaver","floor":10.0,"turns":5.0},{"damage":6.0,"enemies":"Exordium Wildlife","floor":13.0,"turns":8.0},{"damage":18.0,"enemies":"Lagavulin","floor":14.0,"turns":13.0},{"damage":22.0,"enemies":"Slime Boss","floor":16.0,"turns":10.0},{"damage":26.0,"enemies":"Spheric Guardian","floor":18.0,"turns":10.0},{"damage":16.0,"enemies":"Shell Parasite","floor":20.0,"turns":9.0},{"damage":6.0,"enemies":"Centurion and Healer","floor":22.0,"turns":13.0},{"damage":8.0,"enemies":"Snecko","floor":24.0,"turns":8.0},{"damage":3.0,"enemies":"Book of Stabbing","floor":28.0,"turns":9.0},{"damage":11.0,"enemies":"Shelled Parasite and Fungi","floor":29.0,"turns":8.0},{"damage":18.0,"enemies":"Slavers","floor":30.0,"turns":7.0},{"damage":15.0,"enemies":"Snake Plant","floor":31.0,"turns":4.0},{"damage":4.0,"enemies":"Collector","floor":33.0,"turns":8.0},{"damage":11.0,"enemies":"3 Shapes","floor":35.0,"turns":6.0},{"damage":0.0,"enemies":"3 Darklings","floor":37.0,"turns":6.0},{"damage":23.0,"enemies":"Reptomancer","floor":40.0,"turns":9.0},{"damage":18.0,"enemies":"Spire Growth","floor":41.0,"turns":5.0},{"damage":2.0,"enemies":"Sphere and 2 Shapes","floor":42.0,"turns":6.0},{"damage":0.0,"enemies":"Transient","floor":44.0,"turns":5.0},{"damage":3.0,"enemies":"3 Darklings","floor":45.0,"turns":4.0},{"damage":0,"enemies":"4 Shapes","floor":47,"turns":4},{"damage":14,"enemies":"Jaw Worm Horde","floor":48,"turns":6},{"damage":15,"enemies":"Awakened One","floor":50,"turns":11},{"damage":52,"enemies":"Shield and Spear","floor":54,"turns":5},{"damage":26,"enemies":"The Heart","floor":55,"turns":8}],"seed_played":"3779895230761272332","potions_obtained":[{"floor":3.0,"key":"SkillPotion"},{"floor":8.0,"key":"LiquidMemories"},{"floor":13.0,"key":"SpeedPotion"},{"floor":14.0,"key":"Fire Potion"},{"floor":16.0,"key":"AttackPotion"},{"floor":18.0,"key":"SteroidPotion"},{"floor":24.0,"key":"SkillPotion"},{"floor":31.0,"key":"DistilledChaos"},{"floor":33.0,"key":"Fire Potion"},{"floor":40.0,"key":"FairyPotion"},{"floor":41.0,"key":"FairyPotion"},{"floor":42.0,"key":"Dexterity Potion"},{"floor":44.0,"key":"Ancient Potion"},{"floor":54,"key":"SteroidPotion"}],"is_trial":false,"path_per_floor":["M","M","M","M","M","R","E","M","T","M","R","?","M","E","R","B",null,"M","$","M","?","M","R","M","R","T","R","E","M","E","M","R","B",null,"M","?","M","?","$","E","M","M","T","M","M","$","M","M","R","B",null,"R","$","E","B",null],"character_chosen":"IRONCLAD","items_purchased":["Apotheosis+1","Fruit Juice","Bag of Preparation","Lantern","True Grit+1"],"campfire_rested":1,"item_purchase_floors":[19,39,39,46,53],"current_hp_per_floor":[80,80,80,76,80,80,52,42,42,44,44,70,70,58,58,42,80,60,60,50,50,50,50,48,48,48,48,51,58,58,49,73,75,80,75,80,80,80,85,68,56,60,60,66,69,69,75,67,67,58,85,85,85,51,43],"gold":76,"neow_bonus":"THREE_ENEMY_KILL","is_prod":false,"is_daily":false,"chose_seed":false,"campfire_upgraded":7,"win_rate":0,"timestamp":1586729412,"path_taken":["M","?","M","M","M","R","E","M","T","M","R","?","M","E","R","BOSS","M","$","M","?","M","R","M","R","T","R","E","M","E","M","R","BOSS","M","?","M","?","$","E","M","?","T","?","M","$","M","M","R","BOSS","R","$","E","BOSS"],"build_version":"2020-01-27","purchased_purges":3,"victory":true,"max_hp_per_floor":[80,80,80,80,80,80,80,80,80,80,80,80,80,80,80,80,80,80,80,80,80,80,80,80,80,80,80,80,80,80,80,80,80,80,80,80,80,80,85,85,85,85,85,85,85,85,85,85,85,85,85,85,85,85,85],"card_choices":[{"not_picked":["Evolve","Headbutt"],"picked":"Armaments","floor":1.0},{"not_picked":["Headbutt","Evolve","Wild Strike"],"picked":"SKIP","floor":2.0},{"not_picked":["Clash","Spot Weakness"],"picked":"Seeing Red","floor":3.0},{"not_picked":["Infernal Blade","Berserk"],"picked":"Flame Barrier","floor":4.0},{"not_picked":["Pommel Strike","Reckless Charge","Clothesline"],"picked":"SKIP","floor":5.0},{"not_picked":["Armaments+1","Bludgeon"],"picked":"Barricade","floor":7.0},{"not_picked":["Headbutt","Warcry+1","Clash"],"picked":"SKIP","floor":8.0},{"not_picked":["Hemokinesis","Headbutt","Perfected Strike"],"picked":"SKIP","floor":10.0},{"not_picked":["Pommel Strike","Body Slam"],"picked":"Clothesline","floor":13.0},{"not_picked":["Bloodletting+1","Power Through+1","Heavy Blade"],"picked":"SKIP","floor":14.0},{"not_picked":["Berserk","Reaper"],"picked":"Impervious+1","floor":16.0},{"not_picked":["Anger","Shrug It Off+1","Sword Boomerang"],"picked":"SKIP","floor":18.0},{"not_picked":["Body Slam","Clash"],"picked":"Metallicize","floor":20.0},{"not_picked":["Iron Wave","Clash+1"],"picked":"Flame Barrier+1","floor":22.0},{"not_picked":["Dual Wield+1","Reaper"],"picked":"Shockwave+1","floor":24.0},{"not_picked":["Reaper","Armaments+1","True Grit+1"],"picked":"SKIP","floor":28.0},{"not_picked":["Armaments+1","True Grit+1"],"picked":"Body Slam","floor":29.0},{"not_picked":["Battle Trance+1","Pommel Strike"],"picked":"Metallicize","floor":30.0},{"not_picked":["True Grit+1","Wild Strike+1"],"picked":"Entrench+1","floor":31.0},{"not_picked":["Twin Strike","Dark Embrace","True Grit+1"],"picked":"SKIP","floor":35.0},{"not_picked":["Twin Strike","Dark Embrace","True Grit+1"],"picked":"SKIP","floor":35.0},{"not_picked":["True Grit+1","Cleave+1","Battle Trance+1"],"picked":"SKIP","floor":37.0},{"not_picked":["Perfected Strike","Whirlwind"],"picked":"Body Slam","floor":40.0},{"not_picked":["Feel No Pain","Sword Boomerang"],"picked":"Body Slam+1","floor":41.0},{"not_picked":["Entrench+1","Second Wind+1","Metallicize+1"],"picked":"SKIP","floor":42.0},{"not_picked":["Clothesline+1","Shrug It Off+1","Brutality"],"picked":"SKIP","floor":44.0},{"not_picked":["Thunderclap","Anger+1","Pommel Strike+1"],"picked":"SKIP","floor":45.0},{"not_picked":["Infernal Blade+1","Shockwave+1","Rupture+1"],"picked":"SKIP","floor":47},{"not_picked":["Dark Embrace","True Grit+1","Armaments+1"],"picked":"SKIP","floor":48},{"not_picked":["Warcry+1","Sword Boomerang"],"picked":"Burning Pact+1","floor":54}],"player_experience":458617,"relics_obtained":[{"floor":7.0,"key":"Toxic Egg 2"},{"floor":9.0,"key":"Red Skull"},{"floor":14.0,"key":"Paper Frog"},{"floor":28.0,"key":"Meat on the Bone"},{"floor":30.0,"key":"Pen Nib"},{"floor":40.0,"key":"White Beast Statue"},{"floor":43.0,"key":"MawBank"},{"floor":54,"key":"Ornamental Fan"}],"event_choices":[{"damage_healed":26.0,"max_hp_gain":0.0,"max_hp_loss":0.0,"gold_gain":0.0,"event_name":"Big Fish","player_choice":"Banana","floor":12.0,"gold_loss":0.0,"damage_taken":0.0},{"cards_removed":["Strike_R"],"damage_healed":0.0,"max_hp_gain":0.0,"max_hp_loss":0.0,"gold_gain":0.0,"event_name":"Back to Basics","player_choice":"Elegance","floor":21.0,"gold_loss":0.0,"damage_taken":0.0},{"damage_healed":20.0,"max_hp_gain":0.0,"max_hp_loss":0.0,"gold_gain":0.0,"event_name":"Winding Halls","player_choice":"Writhe","floor":36.0,"gold_loss":0.0,"damage_taken":0.0,"cards_obtained":["Writhe"]},{"cards_removed":["Strike_R"],"damage_healed":0.0,"max_hp_gain":0.0,"max_hp_loss":0.0,"gold_gain":0.0,"event_name":"Falling","player_choice":"Removed Attack","floor":38.0,"gold_loss":0.0,"damage_taken":0.0}],"is_beta":false,"boss_relics":[{"not_picked":["Pandora\u0027s Box","Snecko Eye"],"picked":"Runic Cube"},{"not_picked":["SlaversCollar","Astrolabe"],"picked":"Cursed Key"}],"items_purged_floors":[19,39,46],"is_endless":false,"potions_floor_spawned":[3,8,13,14,16,18,24,31,33,40,41,42,44,45,47,48,54],"ascension_level":0}