{"gold_per_floor":[211,230,244,259,259,299,299,313,336,355,320,100,100,123,123,242,242,255,225,240,240],"floor_reached":21,"playtime":2331,"items_purged":["Strike_R"],"score":210,"play_id":"3c257142-2f2f-4a8e-b613-5990c8dd308b","local_time":"20200412124153","is_ascension_mode":false,"campfire_choices":[{"data":"Armaments","floor":7,"key":"SMITH"},{"data":"Bash","floor":13,"key":"SMITH"},{"floor":15,"key":"RECALL"}],"neow_cost":"NONE","seed_source_timestamp":3289812232392205,"circlet_count":0,"master_deck":["Strike_R","Strike_R","Strike_R","Strike_R","Defend_R","Defend_R","Defend_R","Defend_R","Bash+1","Armaments+1","Feed","Shrug It Off","Exhume","Inflame","Corruption","Ghostly Armor","Feel No Pain+1","Clothesline"],"relics":["Burning Blood","Golden Idol","Turnip","Bronze Scales","Black Star"],"potions_floor_usage":[8,10,18,21],"damage_taken":[{"damage":9,"enemies":"2 Louse","floor":1,"turns":3},{"damage":2,"enemies":"Small Slimes","floor":2,"turns":4},{"damage":4,"enemies":"Jaw Worm","floor":3,"turns":5},{"damage":14,"enemies":"Exordium Wildlife","floor":4,"turns":5},{"damage":52,"enemies":"Lagavulin","floor":6,"turns":11},{"damage":6,"enemies":"3 Louse","floor":8,"turns":7},{"damage":16,"enemies":"Large Slime","floor":10,"turns":9},{"damage":3,"enemies":"Red Slaver","floor":14,"turns":6},{"damage":72,"enemies":"Slime Boss","floor":16,"turns":16},{"damage":25,"enemies":"Shell Parasite","floor":18,"turns":8},{"damage":30,"enemies":"2 Thieves","floor":19,"turns":5},{"damage":29,"enemies":"Chosen and Byrds","floor":20,"turns":10},{"damage":35,"enemies":"Masked Bandits","floor":21,"turns":3}],"seed_played":"-6637602037120626155","potions_obtained":[{"floor":6,"key":"Regen Potion"},{"floor":8,"key":"BloodPotion"},{"floor":16,"key":"Swift Potion"},{"floor":20,"key":"EssenceOfSteel"}],"is_trial":false,"path_per_floor":["M","M","M","M","?","E","R","M","T","M","?","$","R","M","R","B",null,"M","M","M","?"],"character_chosen":"IRONCLAD","items_purchased":["Bronze Scales"],"campfire_rested":0,"item_purchase_floors":[12],"current_hp_per_floor":[77,80,80,76,76,30,30,49,49,61,83,83,83,86,86,20,88,69,49,29,0],"gold":240,"neow_bonus":"HUNDRED_GOLD","is_prod":false,"is_daily":false,"chose_seed":false,"campfire_upgraded":2,"win_rate":0,"timestamp":1586724113,"path_taken":["M","M","M","M","?","E","R","M","T","M","?","$","R","M","R","BOSS","M","M","M","?"],"build_version":"2020-01-27","purchased_purges":1,"victory":false,"max_hp_per_floor":[80,80,80,84,78,78,78,82,82,88,88,88,88,88,88,88,88,88,92,95,98],"card_choices":[{"not_picked":["Iron Wave","Cleave","Body Slam"],"picked":"SKIP","floor":1},{"not_picked":["Iron Wave","Twin Strike"],"picked":"Armaments","floor":2},{"not_picked":["Heavy Blade","Anger"],"picked":"Feed","floor":3},{"not_picked":["Spot Weakness","True Grit"],"picked":"Shrug It Off","floor":4},{"not_picked":["Anger","Pommel Strike","Flex"],"picked":"SKIP","floor":6},{"not_picked":["Perfected Strike","Power Through"],"picked":"Exhume","floor":8},{"not_picked":["Dropkick","Searing Blow","Clash"],"picked":"SKIP","floor":10},{"not_picked":["Thunderclap","Ghostly Armor"],"picked":"Inflame","floor":14},{"not_picked":["Juggernaut","Fiend Fire"],"picked":"Corruption","floor":16},{"not_picked":["Inflame","Shrug It Off"],"picked":"Ghostly Armor","floor":18},{"not_picked":["Perfected Strike+1","Armaments"],"picked":"Feel No Pain+1","floor":19},{"not_picked":["True Grit","Searing Blow"],"picked":"Clothesline","floor":20}],"player_experience":456286,"relics_obtained":[{"floor":6,"key":"Turnip"}],"event_choices":[{"damage_healed":0,"gold_gain":0,"player_choice":"Lose Max HP","damage_taken":0,"relics_obtained":["Golden Idol"],"max_hp_gain":0,"max_hp_loss":6,"event_name":"Golden Idol","floor":5,"gold_loss":0},{"damage_healed":22,"gold_gain":0,"player_choice":"Healed","damage_taken":0,"max_hp_gain":0,"max_hp_loss":0,"event_name":"The Cleric","floor":11,"gold_loss":35},{"damage_healed":0,"gold_gain":0,"player_choice":"Fought Bandits","damage_taken":0,"max_hp_gain":0,"max_hp_loss":0,"event_name":"Masked Bandits","floor":21,"gold_loss":0}],"is_beta":false,"boss_relics":[{"not_picked":["Coffee Dripper","Philosopher\u0027s Stone"],"picked":"Black Star"}],"items_purged_floors":[12],"is_endless":false,"potions_floor_spawned":[6,8,16,20],"killed_by":"Masked Bandits","ascension_level":0}