{"gold_per_floor":[109,122,42,42,42,42,42,42,67,81,114,140,152,181,193,309,321,343,373,397,409,43,72,1,16,16,46,46,63,75,90,90,185,185,197,89,106,116,135,162,180,180,180,57,75,107,158,172,172,172,172,172,5,39,39],"floor_reached":55,"playtime":6597,"items_purged":["Strike_R","Injury","Shame","Strike_R"],"score":728,"play_id":"1f5b29e1-6b32-470c-ab74-7259e68f302d","local_time":"20200411153525","is_ascension_mode":false,"campfire_choices":[{"data":"Bash","floor":6.0,"key":"SMITH"},{"data":"Inflame","floor":8.0,"key":"SMITH"},{"data":"Dropkick","floor":15.0,"key":"SMITH"},{"data":"Feel No Pain","floor":28.0,"key":"SMITH"},{"floor":32.0,"key":"RECALL"},{"data":"Bludgeon","floor":42.0,"key":"SMITH"},{"data":"Heavy Blade","floor":49.0,"key":"SMITH"},{"data":"Evolve","floor":52.0,"key":"SMITH"}],"neow_cost":"NONE","seed_source_timestamp":0,"circlet_count":0,"master_deck":["Strike_R","Strike_R+1","Defend_R","Defend_R","Defend_R","Defend_R+1","Bash+1","Inflame+1","Uppercut+1","Dropkick+1","Power Through+1","Impervious+1","Rage+1","Burning Pact+1","True Grit+1","Bludgeon+1","Inflame","Feel No Pain+1","Evolve+1","Battle Trance+1","Second Wind+1","Double Tap+1","Metallicize+1","Heavy Blade+1","Dual Wield+1","The Bomb+1","Impervious+1","Entrench+1"],"special_seed":0,"relics":["Black Blood","Toxic Egg 2","MawBank","Happy Flower","Cursed Key","Membership Card","Lantern","The Courier","Medical Kit","Mummified Hand","Red Mask","Sling","InkBottle","White Beast Statue","Bag of Preparation","StoneCalendar","Thread and Needle","Centennial Puzzle"],"potions_floor_usage":[55],"damage_taken":[{"damage":9.0,"enemies":"Small Slimes","floor":1.0,"turns":4.0},{"damage":1.0,"enemies":"Jaw Worm","floor":2.0,"turns":3.0},{"damage":0.0,"enemies":"Cultist","floor":10.0,"turns":2.0},{"damage":16.0,"enemies":"Lagavulin","floor":11.0,"turns":5.0},{"damage":4.0,"enemies":"Looter","floor":12.0,"turns":3.0},{"damage":10.0,"enemies":"Lots of Slimes","floor":14.0,"turns":5.0},{"damage":25.0,"enemies":"The Guardian","floor":16.0,"turns":9.0},{"damage":17.0,"enemies":"Shell Parasite","floor":18.0,"turns":5.0},{"damage":5.0,"enemies":"Spheric Guardian","floor":19.0,"turns":4.0},{"damage":11.0,"enemies":"Cultist and Chosen","floor":20.0,"turns":7.0},{"damage":28.0,"enemies":"Gremlin Leader","floor":23.0,"turns":6.0},{"damage":1.0,"enemies":"Snecko","floor":25.0,"turns":4.0},{"damage":0.0,"enemies":"Masked Bandits","floor":27.0,"turns":5.0},{"damage":2.0,"enemies":"Sentry and Sphere","floor":29.0,"turns":7.0},{"damage":0.0,"enemies":"Centurion and Healer","floor":30.0,"turns":5.0},{"damage":2.0,"enemies":"Snake Plant","floor":31.0,"turns":3.0},{"damage":12.0,"enemies":"Champ","floor":33.0,"turns":9.0},{"damage":0.0,"enemies":"3 Shapes","floor":35.0,"turns":4.0},{"damage":10.0,"enemies":"3 Darklings","floor":37.0,"turns":6.0},{"damage":26.0,"enemies":"Spire Growth","floor":38.0,"turns":5.0},{"damage":5.0,"enemies":"Maw","floor":39.0,"turns":9.0},{"damage":8.0,"enemies":"Giant Head","floor":40.0,"turns":10.0},{"damage":19.0,"enemies":"3 Darklings","floor":41.0,"turns":8.0},{"damage":0.0,"enemies":"Transient","floor":45.0,"turns":5.0},{"damage":0.0,"enemies":"Nemesis","floor":46.0,"turns":1.0},{"damage":12.0,"enemies":"2 Orb Walkers","floor":47.0,"turns":6.0},{"damage":0.0,"enemies":"Maw","floor":48.0,"turns":6.0},{"damage":88.0,"enemies":"Awakened One","floor":50.0,"turns":12.0},{"damage":26.0,"enemies":"Shield and Spear","floor":54.0,"turns":8.0},{"damage":66,"enemies":"The Heart","floor":55,"turns":5}],"seed_played":"1506206056017732794","potions_obtained":[{"floor":1.0,"key":"GamblersBrew"},{"floor":10.0,"key":"DuplicationPotion"},{"floor":14.0,"key":"GamblersBrew"},{"floor":16.0,"key":"LiquidBronze"},{"floor":20.0,"key":"Fire Potion"},{"floor":23.0,"key":"AttackPotion"},{"floor":25.0,"key":"LiquidMemories"},{"floor":29.0,"key":"DuplicationPotion"},{"floor":31.0,"key":"Weak Potion"},{"floor":33.0,"key":"ElixirPotion"},{"floor":35.0,"key":"SkillPotion"},{"floor":40.0,"key":"Regen Potion"},{"floor":41.0,"key":"PowerPotion"},{"floor":54.0,"key":"Dexterity Potion"}],"is_trial":false,"path_per_floor":["M","M","$","?","$","R","?","R","T","M","E","M","?","M","R","B",null,"M","M","M","?","$","E","$","M","T","?","R","M","M","M","R","B",null,"M","$","M","M","M","E","M","R","T","$","M","E","?","M","R","B",null,"R","$","E","B"],"character_chosen":"IRONCLAD","items_purchased":["Dropkick","Membership Card","True Grit+1","Lantern","Bludgeon","Inflame","Evolve","Medical Kit","Sling","Bag of Preparation","The Bomb+1","Impervious+1"],"campfire_rested":0,"item_purchase_floors":[3,22,22,22,22,22,24,24,36,44,53,53],"current_hp_per_floor":[77,80,80,64,64,64,46,46,46,52,42,44,44,40,40,21,80,69,70,65,65,65,43,43,48,48,54,54,58,64,68,68,62,80,80,80,80,66,73,77,70,70,70,70,80,80,80,80,80,18,80,80,80,66,0],"gold":39,"neow_bonus":"REMOVE_CARD","is_prod":false,"is_daily":false,"chose_seed":false,"campfire_upgraded":7,"win_rate":0,"timestamp":1586648125,"path_taken":["M","M","$","?","$","R","?","R","T","M","E","M","?","M","R","BOSS","M","?","M","?","$","E","$","?","T","?","R","M","M","M","R","BOSS","M","$","M","M","M","E","M","R","T","$","M","E","?","M","R","BOSS","R","$","E","BOSS"],"build_version":"2020-01-27","purchased_purges":4,"victory":false,"max_hp_per_floor":[80,80,80,80,80,80,80,80,80,80,80,80,80,80,80,80,80,80,80,80,80,80,80,80,80,80,80,80,80,80,80,80,80,80,80,80,80,80,80,80,80,80,80,80,80,80,80,80,80,80,80,80,80,80,80],"card_choices":[{"not_picked":["Body Slam","Clash"],"picked":"Inflame","floor":1.0},{"not_picked":["Pommel Strike","Burning Pact"],"picked":"Uppercut","floor":2.0},{"not_picked":["Clothesline","Havoc+1","Pommel Strike"],"picked":"SKIP","floor":10.0},{"not_picked":["Cleave","Twin Strike","Pommel Strike"],"picked":"SKIP","floor":11.0},{"not_picked":["Cleave","Blood for Blood"],"picked":"Power Through+1","floor":12.0},{"not_picked":["Berserk","Pummel","Clash"],"picked":"SKIP","floor":14.0},{"not_picked":["Offering+1","Feed"],"picked":"Impervious+1","floor":16.0},{"not_picked":["Heavy Blade","Perfected Strike","Body Slam"],"picked":"SKIP","floor":18.0},{"not_picked":["Pummel","Rupture+1"],"picked":"Rage+1","floor":19.0},{"not_picked":["Sword Boomerang","Fire Breathing+1"],"picked":"Burning Pact+1","floor":20.0},{"not_picked":["Dropkick+1","Infernal Blade+1"],"picked":"Feel No Pain","floor":23.0},{"not_picked":["Feed","Thunderclap","Intimidate+1"],"picked":"SKIP","floor":25.0},{"not_picked":["Shrug It Off+1","Perfected Strike","Havoc+1"],"picked":"SKIP","floor":29.0},{"not_picked":["Disarm+1","Flex+1"],"picked":"Battle Trance+1","floor":30.0},{"not_picked":["Seeing Red+1","Headbutt"],"picked":"Second Wind+1","floor":31.0},{"not_picked":["Fiend Fire","Immolate"],"picked":"Double Tap+1","floor":33.0},{"not_picked":["True Grit+1","Warcry+1","Sword Boomerang+1"],"picked":"SKIP","floor":35.0},{"not_picked":["Blood for Blood+1","Body Slam+1"],"picked":"Metallicize+1","floor":37.0},{"not_picked":["Pommel Strike","Ghostly Armor+1","Anger"],"picked":"SKIP","floor":38.0},{"not_picked":["Carnage","Power Through+1","Havoc+1"],"picked":"SKIP","floor":39.0},{"not_picked":["Cleave+1","Offering+1"],"picked":"Heavy Blade","floor":40.0},{"not_picked":["Heavy Blade","Perfected Strike","Searing Blow+1"],"picked":"SKIP","floor":41.0},{"not_picked":["Ghostly Armor+1","Intimidate+1","Battle Trance+1"],"picked":"SKIP","floor":45.0},{"not_picked":["Havoc+1","Wild Strike","Headbutt"],"picked":"SKIP","floor":46.0},{"not_picked":["Twin Strike+1","Infernal Blade+1"],"picked":"Dual Wield+1","floor":48.0},{"not_picked":["True Grit+1","Thunderclap+1"],"picked":"Entrench+1","floor":54.0}],"player_experience":444904,"relics_obtained":[{"floor":11.0,"key":"MawBank"},{"floor":23.0,"key":"The Courier"},{"floor":26.0,"key":"Mummified Hand"},{"floor":27.0,"key":"Red Mask"},{"floor":40.0,"key":"InkBottle"},{"floor":43.0,"key":"White Beast Statue"},{"floor":46.0,"key":"StoneCalendar"},{"floor":47.0,"key":"Thread and Needle"},{"floor":54.0,"key":"Centennial Puzzle"}],"event_choices":[{"damage_healed":0.0,"max_hp_gain":0.0,"max_hp_loss":0.0,"gold_gain":0.0,"event_name":"Shining Light","player_choice":"Entered Light","floor":4.0,"gold_loss":0.0,"damage_taken":16.0,"cards_upgraded":["Uppercut","Strike_R"]},{"damage_healed":0.0,"max_hp_gain":0.0,"max_hp_loss":0.0,"gold_gain":0.0,"event_name":"Scrap Ooze","player_choice":"Success","floor":7.0,"gold_loss":0.0,"damage_taken":18.0,"relics_obtained":["Toxic Egg 2"]},{"damage_healed":0.0,"max_hp_gain":0.0,"max_hp_loss":0.0,"gold_gain":0.0,"event_name":"WeMeetAgain","player_choice":"Gave Potion","floor":13.0,"gold_loss":0.0,"damage_taken":0.0,"relics_obtained":["Happy Flower"]},{"damage_healed":0.0,"max_hp_gain":0.0,"max_hp_loss":0.0,"gold_gain":0.0,"event_name":"Upgrade Shrine","player_choice":"Upgraded","floor":21.0,"gold_loss":0.0,"damage_taken":0.0,"cards_upgraded":["Defend_R"]},{"damage_healed":0.0,"max_hp_gain":0.0,"max_hp_loss":0.0,"gold_gain":0.0,"event_name":"Masked Bandits","player_choice":"Fought Bandits","floor":27.0,"gold_loss":0.0,"damage_taken":0.0},{"damage_healed":0.0,"max_hp_gain":0.0,"max_hp_loss":0.0,"gold_gain":0.0,"event_name":"Mysterious Sphere","player_choice":"Fight","floor":47.0,"gold_loss":0.0,"damage_taken":0.0}],"is_beta":false,"boss_relics":[{"not_picked":["Empty Cage","Runic Cube"],"picked":"Cursed Key"},{"not_picked":["Sozu","Mark of Pain"],"picked":"Black Blood"}],"items_purged_floors":[22,36,44,53],"is_endless":false,"potions_floor_spawned":[1,10,14,16,20,23,25,29,31,33,35,40,41,45,46,47,48,54],"killed_by":"The Heart","ascension_level":0}