{"gold_per_floor":[110,110,128,18,33,51,51,78,78,93,154,154,168,179,179,277,277,264,284,302,316,57,73,104,104,130,148,148,173,173,73,73,173,173,183,201,212,222,238,238,266,316,316,37,37,65,65,65,65,65,65,65,4,4],"floor_reached":54,"playtime":6800,"items_purged":["Strike_R","Parasite","Parasite"],"score":716,"play_id":"ef035897-fc37-4782-b220-4ae13c50d962","local_time":"20200412181007","is_ascension_mode":false,"campfire_choices":[{"data":"Armaments","floor":7.0,"key":"SMITH"},{"data":"Barricade","floor":12.0,"key":"SMITH"},{"data":"Dark Embrace","floor":15.0,"key":"SMITH"},{"data":"Bash","floor":25.0,"key":"SMITH"},{"data":"Flame Barrier","floor":28.0,"key":"SMITH"},{"data":"Berserk","floor":30.0,"key":"SMITH"},{"data":"Impervious","floor":32.0,"key":"SMITH"},{"data":"Flame Barrier","floor":40.0,"key":"SMITH"},{"floor":45.0,"key":"RECALL"},{"data":"Disarm","floor":49.0,"key":"SMITH"},{"data":"Burning Pact","floor":52.0,"key":"SMITH"}],"neow_cost":"NONE","seed_source_timestamp":3304805154578872,"circlet_count":0,"master_deck":["Strike_R","Strike_R","Strike_R","Defend_R","Defend_R","Defend_R","Defend_R","Bash+1","Armaments+1","Dark Embrace+1","Infernal Blade","Flame Barrier+1","Infernal Blade","Burning Pact+1","Barricade+1","Second Wind","Impervious+1","Shockwave+1","Secret Technique","Flame Barrier+1","Berserk+1","Reaper","Carnage+1","Disarm+1","Impatience","Body Slam"],"special_seed":0,"relics":["Burning Blood","Lizard Tail","Eternal Feather","Bag of Preparation","Cursed Key","Juzu Bracelet","Boot","Centennial Puzzle","Runic Cube","Happy Flower","Ginger","Darkstone Periapt","Membership Card","Omamori"],"potions_floor_usage":[54],"damage_taken":[{"damage":4.0,"enemies":"Small Slimes","floor":1.0,"turns":4.0},{"damage":1.0,"enemies":"Cultist","floor":3.0,"turns":3.0},{"damage":2.0,"enemies":"2 Louse","floor":5.0,"turns":3.0},{"damage":2.0,"enemies":"Blue Slaver","floor":6.0,"turns":5.0},{"damage":37.0,"enemies":"3 Sentries","floor":8.0,"turns":12.0},{"damage":1.0,"enemies":"Exordium Wildlife","floor":10.0,"turns":3.0},{"damage":2.0,"enemies":"Gremlin Nob","floor":11.0,"turns":3.0},{"damage":10.0,"enemies":"Exordium Thugs","floor":13.0,"turns":6.0},{"damage":6.0,"enemies":"Blue Slaver","floor":14.0,"turns":5.0},{"damage":27.0,"enemies":"Hexaghost","floor":16.0,"turns":12.0},{"damage":10.0,"enemies":"2 Thieves","floor":18.0,"turns":4.0},{"damage":0.0,"enemies":"3 Byrds","floor":19.0,"turns":5.0},{"damage":28.0,"enemies":"Centurion and Healer","floor":20.0,"turns":7.0},{"damage":9.0,"enemies":"Chosen and Byrds","floor":21.0,"turns":9.0},{"damage":0.0,"enemies":"Snecko","floor":23.0,"turns":7.0},{"damage":7.0,"enemies":"Book of Stabbing","floor":24.0,"turns":8.0},{"damage":28.0,"enemies":"3 Cultists","floor":27.0,"turns":8.0},{"damage":10.0,"enemies":"Slavers","floor":29.0,"turns":4.0},{"damage":60.0,"enemies":"Automaton","floor":33.0,"turns":16.0},{"damage":0.0,"enemies":"3 Shapes","floor":35.0,"turns":6.0},{"damage":2.0,"enemies":"Orb Walker","floor":36.0,"turns":6.0},{"damage":21.0,"enemies":"4 Shapes","floor":37.0,"turns":4.0},{"damage":0.0,"enemies":"Maw","floor":38.0,"turns":12.0},{"damage":7.0,"enemies":"Sphere and 2 Shapes","floor":39.0,"turns":10.0},{"damage":30.0,"enemies":"Nemesis","floor":41.0,"turns":9.0},{"damage":19.0,"enemies":"Mind Bloom Boss Battle","floor":42.0,"turns":9.0},{"damage":57.0,"enemies":"Reptomancer","floor":46.0,"turns":10.0},{"damage":13.0,"enemies":"Time Eater","floor":50.0,"turns":18.0},{"damage":199,"enemies":"Shield and Spear","floor":54,"turns":12}],"seed_played":"4513464696829231676","potions_obtained":[{"floor":1.0,"key":"LiquidMemories"},{"floor":5.0,"key":"Strength Potion"},{"floor":10.0,"key":"FearPotion"},{"floor":11.0,"key":"LiquidBronze"},{"floor":14.0,"key":"FairyPotion"},{"floor":18.0,"key":"Explosive Potion"},{"floor":23.0,"key":"Fire Potion"},{"floor":24.0,"key":"Strength Potion"},{"floor":33.0,"key":"LiquidMemories"},{"floor":38.0,"key":"Swift Potion"},{"floor":41.0,"key":"Energy Potion"},{"floor":46.0,"key":"Ancient Potion"},{"floor":47.0,"key":"Fruit Juice"},{"floor":47.0,"key":"EssenceOfSteel"}],"is_trial":false,"path_per_floor":["M","?","M","$","M","M","R","E","T","M","?","R","M","M","R","B",null,"M","M","M","M","$","M","E","R","T","M","R","E","R","$","R","B",null,"M","M","M","M","M","R","E","?","T","$","R","E","?","?","R","B",null,"R","$","E"],"character_chosen":"IRONCLAD","items_purchased":["Dark Embrace","Infernal Blade","Secret Technique","Membership Card","Body Slam","EssenceOfSteel"],"campfire_rested":0,"item_purchase_floors":[4,4,22,44,53,53],"current_hp_per_floor":[80,80,80,80,80,80,80,49,49,54,58,67,63,63,72,51,80,76,80,58,55,55,61,60,72,72,50,62,58,70,70,77,23,77,77,77,68,77,76,77,53,46,46,46,58,30,35,35,50,49,79,79,79,0],"gold":4,"neow_bonus":"REMOVE_CARD","is_prod":false,"is_daily":false,"chose_seed":false,"campfire_upgraded":10,"win_rate":0,"timestamp":1586743807,"path_taken":["M","?","M","$","M","M","R","E","T","?","?","R","M","M","R","BOSS","M","M","M","M","$","M","E","R","T","M","R","E","R","$","R","BOSS","M","M","M","M","M","R","E","?","T","$","R","E","?","?","R","BOSS","R","$","E"],"build_version":"2020-01-27","purchased_purges":3,"victory":false,"max_hp_per_floor":[80,80,80,80,80,80,80,80,80,80,80,80,80,80,80,80,80,80,80,80,80,80,80,80,80,80,80,80,80,80,77,77,77,77,77,77,77,77,77,77,77,77,77,74,74,74,79,79,79,79,79,79,79,79],"card_choices":[{"not_picked":["Clash","Shrug It Off"],"picked":"Fire Breathing","floor":1.0},{"not_picked":["Shrug It Off","Carnage"],"picked":"Armaments","floor":3.0},{"not_picked":["Cleave","Disarm"],"picked":"Flame Barrier","floor":5.0},{"not_picked":["Body Slam","Power Through","Pummel"],"picked":"SKIP","floor":6.0},{"not_picked":["Battle Trance","Searing Blow"],"picked":"Infernal Blade","floor":8.0},{"not_picked":["Thunderclap","Pommel Strike"],"picked":"Burning Pact","floor":10.0},{"not_picked":["Sentinel","Clothesline"],"picked":"Barricade","floor":11.0},{"not_picked":["Thunderclap","Rupture"],"picked":"Second Wind","floor":13.0},{"not_picked":["Shrug It Off","Havoc","Barricade"],"picked":"SKIP","floor":14.0},{"not_picked":["Immolate","Feed"],"picked":"Impervious","floor":16.0},{"not_picked":["Sword Boomerang","Burning Pact","Rampage"],"picked":"SKIP","floor":18.0},{"not_picked":["Heavy Blade","Hemokinesis"],"picked":"Shockwave+1","floor":19.0},{"not_picked":["Warcry+1","Bloodletting","Cleave"],"picked":"SKIP","floor":20.0},{"not_picked":["Evolve","Rupture","Battle Trance"],"picked":"SKIP","floor":21.0},{"not_picked":["Fiend Fire","Heavy Blade","Warcry"],"picked":"SKIP","floor":23.0},{"not_picked":["Anger+1","Body Slam+1"],"picked":"Flame Barrier","floor":24.0},{"not_picked":["Sword Boomerang","Flame Barrier+1","Havoc"],"picked":"SKIP","floor":27.0},{"not_picked":["Bloodletting","True Grit"],"picked":"Berserk","floor":29.0},{"not_picked":["Double Tap","Juggernaut"],"picked":"Reaper","floor":33.0},{"not_picked":["Heavy Blade+1","Body Slam+1"],"picked":"Carnage+1","floor":35.0},{"not_picked":["Headbutt","Wild Strike+1","Shrug It Off"],"picked":"SKIP","floor":36.0},{"not_picked":["Second Wind+1","Headbutt","Heavy Blade"],"picked":"SKIP","floor":37.0},{"not_picked":["Pommel Strike","Armaments","Dark Embrace+1"],"picked":"SKIP","floor":38.0},{"not_picked":["Sword Boomerang+1","Heavy Blade","Thunderclap"],"picked":"SKIP","floor":39.0},{"not_picked":["Sword Boomerang+1","Combust"],"picked":"Disarm","floor":41.0},{"not_picked":["Headbutt+1","Inflame","Flex+1"],"picked":"SKIP","floor":46.0},{"not_picked":["Jack Of All Trades","Deep Breath"],"picked":"Impatience","floor":48.0}],"player_experience":463524,"relics_obtained":[{"floor":8.0,"key":"Eternal Feather"},{"floor":11.0,"key":"Bag of Preparation"},{"floor":24.0,"key":"Juzu Bracelet"},{"floor":26.0,"key":"Boot"},{"floor":29.0,"key":"Centennial Puzzle"},{"floor":41.0,"key":"Happy Flower"},{"floor":42.0,"key":"Ginger"},{"floor":43.0,"key":"Darkstone Periapt"},{"floor":46.0,"key":"Omamori"}],"event_choices":[{"cards_removed":["Fire Breathing"],"damage_healed":0.0,"max_hp_gain":0.0,"max_hp_loss":0.0,"gold_gain":0.0,"event_name":"WeMeetAgain","player_choice":"Gave Card","floor":2.0,"gold_loss":0.0,"damage_taken":0.0,"relics_obtained":["Lizard Tail"]},{"damage_healed":0.0,"max_hp_gain":0.0,"max_hp_loss":0.0,"gold_gain":0.0,"event_name":"Dead Adventurer","player_choice":"Searched \u00272\u0027 times","floor":11.0,"gold_loss":0.0,"damage_taken":0.0},{"damage_healed":0.0,"max_hp_gain":0.0,"max_hp_loss":0.0,"gold_gain":0.0,"event_name":"MindBloom","player_choice":"Fight","floor":42.0,"gold_loss":0.0,"damage_taken":0.0},{"damage_healed":0.0,"max_hp_gain":0.0,"max_hp_loss":0.0,"gold_gain":0.0,"event_name":"Lab","player_choice":"Got Potions","floor":47.0,"gold_loss":0.0,"damage_taken":0.0},{"damage_healed":0.0,"max_hp_gain":0.0,"max_hp_loss":0.0,"gold_gain":0.0,"event_name":"SensoryStone","player_choice":"Memory 1","floor":48.0,"gold_loss":0.0,"damage_taken":0.0}],"is_beta":false,"boss_relics":[{"not_picked":["Velvet Choker","Runic Dome"],"picked":"Cursed Key"},{"not_picked":["Sozu","Empty Cage"],"picked":"Runic Cube"}],"items_purged_floors":[22,31,44],"is_endless":false,"potions_floor_spawned":[1,5,10,11,14,18,23,24,33,38,41,46],"killed_by":"Shield and Spear","ascension_level":0}