{"gold_per_floor":[116,116,116,137,153,153,166,202,227,80,93,93,5,41,41,164,164,178,193,212,235,135,170,170,170,170,33,64,89,110,37,37,160,160,175,193,415,430,430,430,453,453,453,466,466,466,485,136,136,136],"floor_reached":50,"playtime":3601,"items_purged":["Strike_R","Strike_R","Doubt"],"score":474,"play_id":"33e88840-64f4-482a-9d27-c2fee218feff","local_time":"20200415000857","is_ascension_mode":false,"campfire_choices":[{"data":"Bludgeon","floor":6.0,"key":"SMITH"},{"data":"True Grit","floor":12.0,"key":"SMITH"},{"data":"Enlightenment","floor":15.0,"key":"SMITH"},{"floor":25.0,"key":"REST"},{"data":"Shockwave","floor":32.0,"key":"SMITH"},{"floor":40.0,"key":"RECALL"},{"data":"Flame Barrier","floor":46.0,"key":"SMITH"},{"data":"Metallicize","floor":49.0,"key":"SMITH"}],"neow_cost":"NONE","seed_source_timestamp":3502384079723487,"circlet_count":0,"master_deck":["Strike_R","Strike_R","Strike_R","Defend_R","Defend_R","Defend_R","Defend_R","Bash+1","Bludgeon+1","Ghostly Armor","True Grit+1","Seeing Red","Flame Barrier+1","Enlightenment+1","Immolate","Shockwave+1","Reaper","Flame Barrier","Fiend Fire","Rupture+1","Clothesline+1","Parasite","Metallicize+1"],"special_seed":0,"relics":["Burning Blood","Golden Idol","Blood Vial","Red Skull","Nunchaku","Busted Crown","Bag of Marbles","Red Mask","Black Star","Kunai","Omamori"],"potions_floor_usage":[50,50],"damage_taken":[{"damage":10.0,"enemies":"Small Slimes","floor":1.0,"turns":2.0},{"damage":11.0,"enemies":"Jaw Worm","floor":4.0,"turns":2.0},{"damage":6.0,"enemies":"2 Louse","floor":5.0,"turns":2.0},{"damage":10.0,"enemies":"Exordium Wildlife","floor":7.0,"turns":4.0},{"damage":21.0,"enemies":"Lagavulin","floor":8.0,"turns":5.0},{"damage":2.0,"enemies":"Blue Slaver","floor":11.0,"turns":4.0},{"damage":6.0,"enemies":"Gremlin Nob","floor":14.0,"turns":3.0},{"damage":25.0,"enemies":"The Guardian","floor":16.0,"turns":10.0},{"damage":0.0,"enemies":"2 Thieves","floor":18.0,"turns":4.0},{"damage":2.0,"enemies":"Shell Parasite","floor":19.0,"turns":3.0},{"damage":5.0,"enemies":"Chosen and Byrds","floor":20.0,"turns":5.0},{"damage":15.0,"enemies":"3 Cultists","floor":21.0,"turns":6.0},{"damage":35.0,"enemies":"Gremlin Leader","floor":23.0,"turns":7.0},{"damage":16.0,"enemies":"Masked Bandits","floor":28.0,"turns":4.0},{"damage":9.0,"enemies":"Sentry and Sphere","floor":29.0,"turns":5.0},{"damage":13.0,"enemies":"Centurion and Healer","floor":30.0,"turns":8.0},{"damage":64.0,"enemies":"Collector","floor":33.0,"turns":14.0},{"damage":9.0,"enemies":"3 Darklings","floor":35.0,"turns":4.0},{"damage":21.0,"enemies":"3 Shapes","floor":36.0,"turns":7.0},{"damage":43.0,"enemies":"Transient","floor":38.0,"turns":5.0},{"damage":38.0,"enemies":"Maw","floor":41.0,"turns":9.0},{"damage":11.0,"enemies":"Jaw Worm Horde","floor":44.0,"turns":5.0},{"damage":0.0,"enemies":"Writhing Mass","floor":47.0,"turns":6.0},{"damage":124,"enemies":"Donu and Deca","floor":50,"turns":10}],"seed_played":"-304010774989494314","potions_obtained":[{"floor":4.0,"key":"Fruit Juice"},{"floor":5.0,"key":"Regen Potion"},{"floor":16.0,"key":"Weak Potion"},{"floor":21.0,"key":"Dexterity Potion"},{"floor":23.0,"key":"BlessingOfTheForge"},{"floor":33.0,"key":"CultistPotion"},{"floor":36.0,"key":"Dexterity Potion"},{"floor":38.0,"key":"Swift Potion"}],"is_trial":false,"path_per_floor":["M","?","?","M","M","R","M","E","T","$","M","R","$","E","R","B",null,"M","M","M","M","$","E","?","R","T","$","?","M","M","$","R","B",null,"M","M","?","M","?","R","M","?","T","M","?","R","M","$","R","B"],"character_chosen":"IRONCLAD","items_purchased":["Seeing Red","Enlightenment","Reaper","Flame Barrier","Omamori","Metallicize"],"campfire_rested":1,"item_purchase_floors":[10,13,27,31,48,48],"current_hp_per_floor":[76,56,56,56,56,56,52,51,51,51,57,57,57,59,59,42,85,85,85,85,76,76,49,33,60,60,60,60,59,64,64,64,14,90,87,85,85,50,50,50,26,90,90,85,85,85,90,90,90,0],"gold":136,"neow_bonus":"ONE_RANDOM_RARE_CARD","is_prod":false,"is_daily":false,"chose_seed":false,"campfire_upgraded":6,"win_rate":0,"timestamp":1586938137,"path_taken":["M","?","?","M","M","R","M","E","T","?","M","R","$","E","R","BOSS","M","M","M","M","$","E","?","R","T","$","?","M","M","?","R","BOSS","M","M","?","M","?","R","M","?","T","?","?","R","M","$","R","BOSS"],"build_version":"2020-01-27","purchased_purges":3,"victory":false,"max_hp_per_floor":[80,80,80,85,85,85,85,85,85,85,85,85,85,85,85,85,85,85,85,85,85,85,85,90,90,90,90,90,90,90,90,90,90,90,90,90,90,90,90,90,90,90,90,90,90,90,90,90,90,90],"card_choices":[{"not_picked":["Shrug It Off","Heavy Blade"],"picked":"Thunderclap","floor":1.0},{"not_picked":["Sever Soul","Anger","Evolve"],"picked":"SKIP","floor":4.0},{"not_picked":["Perfected Strike","Second Wind","Disarm"],"picked":"SKIP","floor":5.0},{"not_picked":["Wild Strike","Anger"],"picked":"Ghostly Armor","floor":7.0},{"not_picked":["Rage","Shrug It Off"],"picked":"True Grit","floor":8.0},{"not_picked":["True Grit","Iron Wave"],"picked":"Flame Barrier","floor":11.0},{"not_picked":["Searing Blow","Clothesline","Power Through"],"picked":"SKIP","floor":14.0},{"not_picked":["Corruption","Offering"],"picked":"Immolate","floor":16.0},{"not_picked":[],"picked":"Shockwave","floor":18.0},{"not_picked":["Body Slam"],"picked":"SKIP","floor":19.0},{"not_picked":["Body Slam"],"picked":"SKIP","floor":20.0},{"not_picked":["Whirlwind"],"picked":"SKIP","floor":21.0},{"not_picked":["Iron Wave"],"picked":"SKIP","floor":23.0},{"not_picked":["Spot Weakness"],"picked":"SKIP","floor":29.0},{"not_picked":["Intimidate"],"picked":"SKIP","floor":30.0},{"not_picked":[],"picked":"Fiend Fire","floor":33.0},{"not_picked":["Pummel"],"picked":"SKIP","floor":35.0},{"not_picked":["Shrug It Off"],"picked":"SKIP","floor":36.0},{"not_picked":["Sever Soul"],"picked":"SKIP","floor":38.0},{"not_picked":[],"picked":"Rupture+1","floor":41.0},{"not_picked":[],"picked":"Clothesline+1","floor":44.0},{"not_picked":["Anger"],"picked":"SKIP","floor":47.0}],"player_experience":480323,"relics_obtained":[{"floor":8.0,"key":"Blood Vial"},{"floor":9.0,"key":"Red Skull"},{"floor":14.0,"key":"Nunchaku"},{"floor":23.0,"key":"Bag of Marbles"},{"floor":28.0,"key":"Red Mask"},{"floor":43.0,"key":"Kunai"}],"event_choices":[{"damage_healed":0.0,"max_hp_gain":0.0,"max_hp_loss":0.0,"gold_gain":0.0,"event_name":"Golden Idol","player_choice":"Take Damage","floor":2.0,"gold_loss":0.0,"damage_taken":20.0,"relics_obtained":["Golden Idol"]},{"damage_healed":0.0,"max_hp_gain":0.0,"max_hp_loss":0.0,"gold_gain":0.0,"event_name":"Living Wall","player_choice":"Grow","floor":3.0,"gold_loss":0.0,"damage_taken":0.0,"cards_upgraded":["Bash"]},{"damage_healed":0.0,"max_hp_gain":5.0,"max_hp_loss":0.0,"gold_gain":0.0,"event_name":"Forgotten Altar","player_choice":"Shed Blood","floor":24.0,"gold_loss":0.0,"damage_taken":21.0},{"damage_healed":0.0,"max_hp_gain":0.0,"max_hp_loss":0.0,"gold_gain":0.0,"event_name":"Masked Bandits","player_choice":"Fought Bandits","floor":28.0,"gold_loss":0.0,"damage_taken":0.0},{"damage_healed":0.0,"max_hp_gain":0.0,"max_hp_loss":0.0,"gold_gain":222.0,"event_name":"Tomb of Lord Red Mask","player_choice":"Wore Mask","floor":37.0,"gold_loss":0.0,"damage_taken":0.0},{"cards_removed":["Thunderclap"],"damage_healed":0.0,"max_hp_gain":0.0,"max_hp_loss":0.0,"gold_gain":0.0,"event_name":"Falling","player_choice":"Removed Attack","floor":39.0,"gold_loss":0.0,"damage_taken":0.0},{"damage_healed":64.0,"max_hp_gain":0.0,"max_hp_loss":0.0,"gold_gain":0.0,"event_name":"MindBloom","player_choice":"Heal","floor":42.0,"gold_loss":0.0,"damage_taken":0.0,"cards_obtained":["Doubt"]},{"damage_healed":0.0,"max_hp_gain":0.0,"max_hp_loss":0.0,"gold_gain":0.0,"event_name":"Match and Keep!","player_choice":"0 cards matched","floor":45.0,"gold_loss":0.0,"damage_taken":0.0,"cards_obtained":[]}],"is_beta":false,"boss_relics":[{"not_picked":["Snecko Eye","Mark of Pain"],"picked":"Busted Crown"},{"not_picked":["Runic Pyramid","Fusion Hammer"],"picked":"Black Star"}],"items_purged_floors":[10,22,48],"is_endless":false,"potions_floor_spawned":[4,5,16,21,23,28,30,33,36,38],"killed_by":"Donu and Deca","ascension_level":0}