{"gold_per_floor":[110,35,46,66,66,66,79,79,103,137,137,19,43,43,43,140,140,158,170,183,200,200,231,231,77,77,90,100,113,113,133,133,133],"floor_reached":33,"playtime":2599,"items_purged":["Strike_R"],"score":294,"play_id":"4d8403de-b886-4809-ba25-c50e7b7c1d50","local_time":"20200417205419","is_ascension_mode":false,"campfire_choices":[{"data":"Bash","floor":6.0,"key":"SMITH"},{"data":"Flame Barrier","floor":8.0,"key":"SMITH"},{"data":"Flame Barrier","floor":11.0,"key":"SMITH"},{"data":"Searing Blow","floor":15.0,"key":"SMITH"},{"floor":24.0,"key":"REST"},{"floor":30.0,"key":"REST"},{"data":"Armaments","floor":32.0,"key":"SMITH"}],"neow_cost":"NONE","seed_source_timestamp":3749985666561641,"circlet_count":0,"master_deck":["Strike_R","Strike_R","Strike_R","Strike_R","Defend_R","Defend_R","Defend_R","Defend_R","Bash+1","Flame Barrier+1","Flame Barrier+1","Searing Blow+1","Feed","Intimidate","Armaments+1","Inflame","Metallicize+1","Dual Wield","Cleave+1"],"special_seed":0,"relics":["Burning Blood","Happy Flower","MealTicket","Odd Mushroom","Omamori","SacredBark","Frozen Egg 2","Orichalcum","Vajra","Bottled Lightning"],"potions_floor_usage":[],"damage_taken":[{"damage":10.0,"enemies":"Jaw Worm","floor":1.0,"turns":4.0},{"damage":1.0,"enemies":"Cultist","floor":3.0,"turns":4.0},{"damage":0.0,"enemies":"Small Slimes","floor":4.0,"turns":3.0},{"damage":12.0,"enemies":"2 Fungi Beasts","floor":7.0,"turns":4.0},{"damage":27.0,"enemies":"3 Sentries","floor":10.0,"turns":12.0},{"damage":21.0,"enemies":"The Mushroom Lair","floor":13.0,"turns":6.0},{"damage":42.0,"enemies":"The Guardian","floor":16.0,"turns":12.0},{"damage":16.0,"enemies":"Chosen","floor":18.0,"turns":6.0},{"damage":25.0,"enemies":"Spheric Guardian","floor":19.0,"turns":7.0},{"damage":22.0,"enemies":"Shelled Parasite and Fungi","floor":20.0,"turns":13.0},{"damage":26.0,"enemies":"Cultist and Chosen","floor":21.0,"turns":8.0},{"damage":19.0,"enemies":"Book of Stabbing","floor":23.0,"turns":7.0},{"damage":38.0,"enemies":"3 Cultists","floor":27.0,"turns":8.0},{"damage":7.0,"enemies":"Snake Plant","floor":28.0,"turns":6.0},{"damage":16.0,"enemies":"Centurion and Healer","floor":29.0,"turns":7.0},{"damage":12.0,"enemies":"Cultist and Chosen","floor":31.0,"turns":7.0},{"damage":60,"enemies":"Champ","floor":33,"turns":14}],"seed_played":"5283990808499029727","potions_obtained":[{"floor":4.0,"key":"PowerPotion"},{"floor":7.0,"key":"PowerPotion"},{"floor":16.0,"key":"Energy Potion"},{"floor":18.0,"key":"ColorlessPotion"},{"floor":19.0,"key":"Weak Potion"},{"floor":20.0,"key":"Block Potion"},{"floor":28.0,"key":"SneckoOil"}],"is_trial":false,"path_per_floor":["M","$","M","M","?","R","M","R","T","E","R","$","?","?","R","B",null,"M","M","M","M","?","E","R","$","T","M","M","M","R","M","R","B"],"character_chosen":"IRONCLAD","items_purchased":["Searing Blow","BlessingOfTheForge","Vajra"],"campfire_rested":2,"item_purchase_floors":[12,12,25],"current_hp_per_floor":[76,76,80,80,90,90,84,84,84,63,63,78,63,56,56,20,90,83,64,51,31,31,18,46,61,61,29,28,18,46,40,40,0],"gold":133,"neow_bonus":"ONE_RANDOM_RARE_CARD","is_prod":false,"is_daily":false,"chose_seed":false,"campfire_upgraded":5,"win_rate":0,"timestamp":1587185659,"path_taken":["M","$","M","M","?","R","?","R","T","E","R","$","?","?","R","BOSS","M","M","M","M","?","E","R","$","T","M","M","M","R","M","R","BOSS"],"build_version":"2020-01-27","purchased_purges":1,"victory":false,"max_hp_per_floor":[80,80,80,80,90,90,90,90,90,90,90,90,90,90,90,90,90,93,93,96,96,96,96,96,96,96,96,96,96,96,96,96,96],"card_choices":[{"not_picked":["Wild Strike","Pummel","Power Through"],"picked":"SKIP","floor":1.0},{"not_picked":["Whirlwind","Carnage","Flex"],"picked":"SKIP","floor":3.0},{"not_picked":["Cleave","Burning Pact","Headbutt"],"picked":"SKIP","floor":4.0},{"not_picked":["Whirlwind","Searing Blow"],"picked":"Flame Barrier","floor":7.0},{"not_picked":["Infernal Blade","Wild Strike"],"picked":"Flame Barrier","floor":10.0},{"not_picked":["Juggernaut","Limit Break"],"picked":"Feed","floor":16.0},{"not_picked":["Clash","Twin Strike+1"],"picked":"Intimidate","floor":18.0},{"not_picked":["Thunderclap","Disarm"],"picked":"Armaments","floor":19.0},{"not_picked":["Clothesline","Blood for Blood"],"picked":"Inflame","floor":20.0},{"not_picked":["Blood for Blood","Perfected Strike","Thunderclap"],"picked":"SKIP","floor":21.0},{"not_picked":["Rupture+1","Exhume"],"picked":"Metallicize+1","floor":23.0},{"not_picked":["Infernal Blade+1","Pommel Strike"],"picked":"Dual Wield","floor":27.0},{"not_picked":["Headbutt","Flex"],"picked":"Cleave+1","floor":28.0},{"not_picked":["Heavy Blade","Flex+1","Armaments"],"picked":"SKIP","floor":29.0},{"not_picked":["Pummel","Twin Strike","Rupture+1"],"picked":"SKIP","floor":31.0}],"player_experience":496620,"relics_obtained":[{"floor":9.0,"key":"Happy Flower"},{"floor":10.0,"key":"MealTicket"},{"floor":13.0,"key":"Odd Mushroom"},{"floor":23.0,"key":"Orichalcum"},{"floor":26.0,"key":"Bottled Lightning"}],"event_choices":[{"cards_removed":["Exhume"],"damage_healed":0.0,"max_hp_gain":10.0,"max_hp_loss":0.0,"gold_gain":0.0,"event_name":"Bonfire Elementals","player_choice":"Offered Rare","floor":5.0,"gold_loss":0.0,"damage_taken":0.0},{"damage_healed":0.0,"max_hp_gain":0.0,"max_hp_loss":0.0,"gold_gain":0.0,"event_name":"Mushrooms","player_choice":"Fought Mushrooms","floor":13.0,"gold_loss":0.0,"damage_taken":0.0},{"damage_healed":0.0,"max_hp_gain":0.0,"max_hp_loss":0.0,"gold_gain":0.0,"event_name":"Scrap Ooze","player_choice":"Success","floor":14.0,"gold_loss":0.0,"damage_taken":7.0,"relics_obtained":["Omamori"]},{"damage_healed":0.0,"max_hp_gain":0.0,"max_hp_loss":0.0,"gold_gain":0.0,"event_name":"The Mausoleum","player_choice":"Opened","floor":22.0,"gold_loss":0.0,"damage_taken":0.0,"relics_obtained":["Frozen Egg 2"],"cards_obtained":["Writhe"]}],"is_beta":false,"boss_relics":[{"not_picked":["Philosopher\u0027s Stone","Runic Dome"],"picked":"SacredBark"}],"items_purged_floors":[2],"is_endless":false,"potions_floor_spawned":[4,7,16,18,19,20,28],"killed_by":"Champ","ascension_level":0}