{"gold_per_floor":[16,26,39,0,0,34,34,34,59,59,73,104,114,134,134,229,229,249,267,267,301,313,348,348,361,361,361,372,37,37,37,37,142,142,154,169,169,183,56,70,45,57,80,117,139,22,244,263,263,263,263,263,26,59,59],"floor_reached":55,"playtime":3045,"items_purged":["Defend_R","Shame","Defend_R"],"score":681,"play_id":"7b5e342c-503b-451d-8924-64ace7d0e78d","local_time":"20200426233817","is_ascension_mode":false,"campfire_choices":[{"data":"Ghostly Armor","floor":8.0,"key":"SMITH"},{"floor":10.0,"key":"RECALL"},{"data":"Carnage","floor":15.0,"key":"SMITH"},{"data":"Berserk","floor":24.0,"key":"SMITH"},{"data":"Strike_R","floor":27.0,"key":"SMITH"},{"data":"Strike_R","floor":32.0,"key":"SMITH"},{"floor":49,"key":"REST"},{"data":"Blind","floor":52,"key":"SMITH"}],"neow_cost":"NO_GOLD","seed_source_timestamp":4538049552102975,"circlet_count":0,"master_deck":["Strike_R+1","Strike_R+1","Bash+1","Ghostly Armor+1","Carnage+1","Berserk+1","Body Slam+1","Immolate+1","Shrug It Off+1","Shrug It Off+1","Shrug It Off+1","Spot Weakness+1","Blind+1"],"special_seed":0,"relics":["Black Blood","Bronze Scales","Strawberry","Unceasing Top","Astrolabe","MutagenicStrength","Red Mask","Centennial Puzzle","Membership Card","Bag of Marbles","Juzu Bracelet","Anchor","Art of War","MawBank","Darkstone Periapt","TheAbacus","Sundial","Bag of Preparation"],"potions_floor_usage":[33,41,44,44,50,54,54,55],"damage_taken":[{"damage":13.0,"enemies":"Cultist","floor":1.0,"turns":5.0},{"damage":9.0,"enemies":"2 Louse","floor":2.0,"turns":4.0},{"damage":10.0,"enemies":"Jaw Worm","floor":3.0,"turns":5.0},{"damage":7.0,"enemies":"Looter","floor":4.0,"turns":5.0},{"damage":45.0,"enemies":"Lagavulin","floor":6.0,"turns":9.0},{"damage":7.0,"enemies":"Blue Slaver","floor":11.0,"turns":4.0},{"damage":17.0,"enemies":"Gremlin Nob","floor":12.0,"turns":4.0},{"damage":0.0,"enemies":"Large Slime","floor":13.0,"turns":7.0},{"damage":8.0,"enemies":"Exordium Thugs","floor":14.0,"turns":5.0},{"damage":26.0,"enemies":"The Guardian","floor":16.0,"turns":10.0},{"damage":7.0,"enemies":"Shell Parasite","floor":18.0,"turns":4.0},{"damage":0.0,"enemies":"Chosen","floor":19.0,"turns":3.0},{"damage":0.0,"enemies":"Masked Bandits","floor":21.0,"turns":2.0},{"damage":11.0,"enemies":"Shelled Parasite and Fungi","floor":22.0,"turns":3.0},{"damage":20.0,"enemies":"Book of Stabbing","floor":23.0,"turns":4.0},{"damage":2.0,"enemies":"Snake Plant","floor":25.0,"turns":2.0},{"damage":5.0,"enemies":"Cultist and Chosen","floor":28.0,"turns":4.0},{"damage":13,"enemies":"Collector","floor":33,"turns":6},{"damage":3,"enemies":"3 Darklings","floor":35,"turns":3},{"damage":13,"enemies":"Orb Walker","floor":36,"turns":3},{"damage":17,"enemies":"Writhing Mass","floor":38,"turns":5},{"damage":31,"enemies":"Spire Growth","floor":40,"turns":4},{"damage":0,"enemies":"Jaw Worm Horde","floor":42,"turns":2},{"damage":70,"enemies":"Giant Head","floor":44,"turns":9},{"damage":17,"enemies":"Maw","floor":45,"turns":7},{"damage":0,"enemies":"Transient","floor":48,"turns":5},{"damage":36,"enemies":"Donu and Deca","floor":50,"turns":9},{"damage":39,"enemies":"Shield and Spear","floor":54,"turns":5},{"damage":63,"enemies":"The Heart","floor":55,"turns":5}],"seed_played":"7830889387207666307","potions_obtained":[{"floor":2.0,"key":"Explosive Potion"},{"floor":3.0,"key":"Weak Potion"},{"floor":11.0,"key":"AttackPotion"},{"floor":16.0,"key":"PowerPotion"},{"floor":18.0,"key":"Swift Potion"},{"floor":21.0,"key":"PowerPotion"},{"floor":28.0,"key":"Dexterity Potion"},{"floor":35,"key":"Fire Potion"},{"floor":42,"key":"Fire Potion"},{"floor":45,"key":"CultistPotion"}],"is_trial":false,"path_per_floor":["M","M","M","M","?","E","?","R","T","R","M","E","M","M","R","B",null,"M","M","?","?","M","E","R","M","T","R","M","$","?","$","R","B",null,"M","M","?","M","$","M","$","M","T","E","M","$","?","M","R","B",null,"R","$","E","B"],"character_chosen":"IRONCLAD","items_purchased":["Membership Card","Bag of Marbles","Juzu Bracelet","Art of War","BloodPotion","Blind","Block Potion","TheAbacus","Sundial","LiquidBronze"],"campfire_rested":1,"item_purchase_floors":[29,29,29,39,41,46,46,53,53,53],"current_hp_per_floor":[73,70,66,65,65,26,80,80,87,87,86,75,81,79,79,59,87,86,87,87,87,82,68,68,72,72,72,73,73,73,73,73,66,87,87,86,78,73,73,54,71,83,83,25,20,20,20,32,58,34,87,87,87,60,0],"gold":59,"neow_bonus":"REMOVE_TWO","is_prod":false,"is_daily":false,"chose_seed":false,"campfire_upgraded":6,"win_rate":0,"timestamp":1587973097,"path_taken":["M","M","M","M","?","E","?","R","T","R","M","E","M","?","R","BOSS","M","M","?","?","M","E","R","M","T","R","M","$","?","?","R","BOSS","M","M","?","M","$","M","?","M","T","E","M","$","?","M","R","BOSS","R","$","E","BOSS"],"build_version":"2020-01-27","purchased_purges":3,"victory":false,"max_hp_per_floor":[80,80,80,80,80,80,80,80,87,87,87,87,87,87,87,87,87,87,87,87,87,87,87,87,87,87,87,87,87,87,87,87,87,87,87,87,87,87,87,87,87,87,87,87,87,87,87,87,87,87,87,87,87,87,87],"card_choices":[{"not_picked":["Twin Strike","Seeing Red"],"picked":"Rupture","floor":1.0},{"not_picked":["Flex","Clash","Perfected Strike"],"picked":"SKIP","floor":2.0},{"not_picked":["Twin Strike","Perfected Strike"],"picked":"Ghostly Armor","floor":3.0},{"not_picked":["Anger","Sword Boomerang","Sever Soul"],"picked":"SKIP","floor":4.0},{"not_picked":["Armaments","Infernal Blade","Inflame"],"picked":"SKIP","floor":6.0},{"not_picked":["Inflame","Cleave","Flex"],"picked":"SKIP","floor":11.0},{"not_picked":["Twin Strike","Wild Strike","Perfected Strike"],"picked":"SKIP","floor":12.0},{"not_picked":["Iron Wave","Feel No Pain"],"picked":"Carnage","floor":13.0},{"not_picked":["Clothesline","Sword Boomerang","Anger"],"picked":"SKIP","floor":14.0},{"not_picked":["Immolate","Double Tap"],"picked":"Berserk","floor":16.0},{"not_picked":["Bloodletting","Headbutt","Whirlwind+1"],"picked":"SKIP","floor":18.0},{"not_picked":["Heavy Blade","Armaments","Carnage"],"picked":"SKIP","floor":19.0},{"not_picked":["Iron Wave+1","Body Slam","Flex"],"picked":"SKIP","floor":22.0},{"not_picked":["Wild Strike","Headbutt"],"picked":"Shrug It Off+1","floor":23.0},{"not_picked":["Corruption","Iron Wave+1"],"picked":"Shrug It Off+1","floor":25.0},{"not_picked":["Perfected Strike","Clash+1","Battle Trance"],"picked":"SKIP","floor":28.0},{"not_picked":["Havoc","Fire Breathing","Clash+1"],"picked":"SKIP","floor":35},{"not_picked":["Infernal Blade","Sword Boomerang+1","Disarm+1"],"picked":"SKIP","floor":36},{"not_picked":["Infernal Blade","Sword Boomerang+1","Disarm+1"],"picked":"SKIP","floor":36},{"not_picked":["Shrug It Off","Infernal Blade+1","Heavy Blade+1"],"picked":"SKIP","floor":38},{"not_picked":["Limit Break","Rupture+1","Wild Strike"],"picked":"SKIP","floor":40},{"not_picked":["Perfected Strike+1","Power Through+1","Havoc"],"picked":"SKIP","floor":42},{"not_picked":["Inflame","Armaments","Burning Pact+1"],"picked":"SKIP","floor":44},{"not_picked":["Combust+1","Brutality"],"picked":"Spot Weakness+1","floor":45},{"not_picked":["Battle Trance+1","Reckless Charge+1","Iron Wave"],"picked":"SKIP","floor":48},{"not_picked":["Dropkick","Flex+1","Demon Form"],"picked":"SKIP","floor":54}],"player_experience":560689,"relics_obtained":[{"floor":6.0,"key":"Bronze Scales"},{"floor":9.0,"key":"Strawberry"},{"floor":12.0,"key":"Unceasing Top"},{"floor":21.0,"key":"Red Mask"},{"floor":23.0,"key":"Centennial Puzzle"},{"floor":43,"key":"MawBank"},{"floor":44,"key":"Darkstone Periapt"},{"floor":54,"key":"Bag of Preparation"}],"event_choices":[{"damage_healed":0.0,"max_hp_gain":0.0,"max_hp_loss":0.0,"gold_gain":0.0,"event_name":"Living Wall","player_choice":"Grow","floor":5.0,"gold_loss":0.0,"damage_taken":0.0,"cards_upgraded":["Bash"]},{"cards_removed":["Rupture"],"damage_healed":54.0,"max_hp_gain":0.0,"max_hp_loss":0.0,"gold_gain":0.0,"event_name":"Bonfire Elementals","player_choice":"Offered Uncommon","floor":7.0,"gold_loss":0.0,"damage_taken":0.0},{"damage_healed":0.0,"max_hp_gain":0.0,"max_hp_loss":0.0,"gold_gain":0.0,"event_name":"Drug Dealer","player_choice":"Inject Mutagens","floor":20.0,"gold_loss":0.0,"damage_taken":0.0,"relics_obtained":["MutagenicStrength"]},{"damage_healed":0.0,"max_hp_gain":0.0,"max_hp_loss":0.0,"gold_gain":0.0,"event_name":"Masked Bandits","player_choice":"Fought Bandits","floor":21.0,"gold_loss":0.0,"damage_taken":0.0},{"damage_healed":0.0,"max_hp_gain":0.0,"max_hp_loss":0.0,"gold_gain":0.0,"event_name":"Addict","player_choice":"Stole Relic","floor":30.0,"gold_loss":0.0,"damage_taken":0.0,"relics_obtained":["Anchor"],"cards_obtained":["Shame"]},{"damage_healed":0,"gold_gain":0,"player_choice":"Damaged","damage_taken":8,"max_hp_gain":0,"max_hp_loss":0,"event_name":"Wheel of Change","floor":37,"gold_loss":0},{"damage_healed":0,"gold_gain":222,"player_choice":"Wore Mask","damage_taken":0,"max_hp_gain":0,"max_hp_loss":0,"event_name":"Tomb of Lord Red Mask","floor":47,"gold_loss":0}],"is_beta":false,"boss_relics":[{"not_picked":["Snecko Eye","Cursed Key"],"picked":"Astrolabe"},{"not_picked":["Black Star","Runic Pyramid"],"picked":"Black Blood"}],"items_purged_floors":[29,39,46],"is_endless":false,"potions_floor_spawned":[2,3,11,16,18,21,28,35,42,45,48],"killed_by":"The Heart","ascension_level":0}