{"gold_per_floor":[113,63,81,97,115,142,142,142,142,142,157,175,195,0,0,96,96,106,122,85,99,49,49,49],"floor_reached":24,"playtime":1775,"items_purged":["Defend_R"],"score":200,"play_id":"a90329b6-196f-4d0b-a2f7-892d74e47277","local_time":"20200415215326","is_ascension_mode":false,"campfire_choices":[{"floor":8,"key":"REST"},{"data":"Bash","floor":10,"key":"SMITH"},{"data":"Rage","floor":15,"key":"SMITH"},{"data":"Berserk","floor":23,"key":"SMITH"}],"neow_cost":"NONE","seed_source_timestamp":3582732117069949,"circlet_count":0,"master_deck":["Strike_R","Strike_R","Strike_R","Strike_R","Defend_R","Defend_R","Defend_R","Bash+1","Rage+1","Inflame","Armaments+1","Juggernaut","Bandage Up","Shrug It Off","Barricade","CurseOfTheBell","True Grit+1","Flame Barrier","Berserk+1"],"relics":["Burning Blood","Dream Catcher","Letter Opener","Bird Faced Urn","Calling Bell","Unceasing Top","Kunai","Bag of Preparation"],"potions_floor_usage":[6,13,21,21,24],"damage_taken":[{"damage":0,"enemies":"2 Louse","floor":1,"turns":2},{"damage":5,"enemies":"Jaw Worm","floor":3,"turns":2},{"damage":1,"enemies":"Cultist","floor":4,"turns":3},{"damage":10,"enemies":"3 Louse","floor":5,"turns":4},{"damage":43,"enemies":"Lagavulin","floor":6,"turns":8},{"damage":1,"enemies":"2 Fungi Beasts","floor":11,"turns":4},{"damage":5,"enemies":"Lots of Slimes","floor":12,"turns":5},{"damage":0,"enemies":"3 Louse","floor":13,"turns":3},{"damage":46,"enemies":"Hexaghost","floor":16,"turns":10},{"damage":8,"enemies":"Chosen","floor":18,"turns":7},{"damage":36,"enemies":"Spheric Guardian","floor":19,"turns":8},{"damage":14,"enemies":"3 Cultists","floor":21,"turns":5},{"damage":97,"enemies":"Slavers","floor":24,"turns":4}],"seed_played":"3975138126897142899","potions_obtained":[{"floor":1,"key":"SkillPotion"},{"floor":5,"key":"Strength Potion"},{"floor":6,"key":"SneckoOil"},{"floor":13,"key":"SteroidPotion"},{"floor":19,"key":"PowerPotion"}],"is_trial":false,"path_per_floor":["M","?","M","M","M","E","?","R","T","R","M","M","M","$","R","B",null,"M","M","$","M","$","R","E"],"character_chosen":"IRONCLAD","items_purchased":["Bandage Up","Shrug It Off","Flame Barrier","BloodPotion"],"campfire_rested":1,"item_purchase_floors":[14,14,20,22],"current_hp_per_floor":[80,80,80,80,76,39,39,63,63,63,70,73,80,80,80,46,80,80,58,58,60,60,60,0],"gold":49,"neow_bonus":"RANDOM_COMMON_RELIC","is_prod":false,"is_daily":false,"chose_seed":false,"campfire_upgraded":3,"win_rate":0,"timestamp":1587016406,"path_taken":["M","?","M","M","M","E","?","R","T","R","M","?","M","$","R","BOSS","M","M","$","M","?","R","E"],"build_version":"2020-01-27","purchased_purges":1,"victory":false,"max_hp_per_floor":[80,80,80,80,80,80,80,80,80,80,80,80,80,80,80,80,80,80,80,80,80,80,80,80],"card_choices":[{"not_picked":["Pummel","Blood for Blood"],"picked":"Rage","floor":1},{"not_picked":["Perfected Strike","Cleave"],"picked":"Inflame","floor":3},{"not_picked":["Infernal Blade","Searing Blow","Shrug It Off"],"picked":"SKIP","floor":4},{"not_picked":["Body Slam","Clash"],"picked":"Armaments","floor":5},{"not_picked":["Clothesline","Infernal Blade","Heavy Blade"],"picked":"SKIP","floor":6},{"not_picked":["Inflame","Evolve"],"picked":"Juggernaut","floor":11},{"not_picked":["Anger","True Grit","Flex"],"picked":"SKIP","floor":12},{"not_picked":["Clothesline","Fire Breathing","Whirlwind"],"picked":"SKIP","floor":13},{"not_picked":["Limit Break","Immolate"],"picked":"Barricade","floor":16},{"not_picked":["Armaments+1","Iron Wave+1"],"picked":"True Grit+1","floor":18},{"not_picked":["Headbutt","Sentinel","Seeing Red+1"],"picked":"SKIP","floor":19},{"not_picked":["Hemokinesis","Clothesline"],"picked":"Berserk","floor":21}],"player_experience":486144,"relics_obtained":[{"floor":6,"key":"Letter Opener"},{"floor":9,"key":"Bird Faced Urn"},{"floor":17,"key":"Unceasing Top"},{"floor":17,"key":"Kunai"},{"floor":17,"key":"Bag of Preparation"}],"event_choices":[{"cards_removed":["Strike_R"],"damage_healed":0,"gold_gain":0,"player_choice":"Card Removal","damage_taken":0,"max_hp_gain":0,"max_hp_loss":0,"event_name":"The Cleric","floor":2,"gold_loss":50},{"damage_healed":0,"gold_gain":0,"player_choice":"Grow","damage_taken":0,"max_hp_gain":0,"max_hp_loss":0,"event_name":"Living Wall","floor":7,"gold_loss":0,"cards_upgraded":["Armaments"]}],"is_beta":false,"boss_relics":[{"not_picked":["Ectoplasm","Snecko Eye"],"picked":"Calling Bell"}],"items_purged_floors":[14],"is_endless":false,"potions_floor_spawned":[1,5,6,13,19],"killed_by":"Slavers","ascension_level":0}