{"gold_per_floor":[117,82,102,118,129,129,154,173,197,197,212,238,238,238,238,343,343,363,363,363,377,391,421,113,131,131,131,142,142,142,155,155,255,255,267,27,44,44,44,77,77,88,88,88,99,112,162,162,162,162,162,162,14,41,41],"floor_reached":56,"playtime":4373,"items_purged":["Strike_R","Feed"],"score":1234,"play_id":"069374a0-0970-4c15-9fa2-39bf184645d9","local_time":"20200418212441","is_ascension_mode":false,"campfire_choices":[{"data":"Bash","floor":6.0,"key":"SMITH"},{"data":"Body Slam","floor":10.0,"key":"SMITH"},{"floor":13.0,"key":"REST"},{"data":"Uppercut","floor":15.0,"key":"SMITH"},{"data":"Corruption","floor":27.0,"key":"SMITH"},{"data":"Inflame","floor":29.0,"key":"SMITH"},{"data":"Flame Barrier","floor":32.0,"key":"SMITH"},{"data":"Impervious","floor":41.0,"key":"SMITH"},{"floor":44.0,"key":"RECALL"},{"floor":49.0,"key":"DIG"},{"floor":52.0,"key":"DIG"}],"neow_cost":"PERCENT_DAMAGE","seed_source_timestamp":3836700101547897,"circlet_count":0,"master_deck":["Strike_R+1","Strike_R+1","Strike_R+1","Defend_R+1","Defend_R+1","Defend_R+1","Defend_R+1","Bash+1","Impervious+1","Flame Barrier+1","Corruption+1","Body Slam+1","Uppercut+1","Impervious+1","Inflame+1","Ghostly Armor+1","Burning Pact","Demon Form","Shrug It Off+1","Body Slam+1","Entrench+1","Double Tap"],"special_seed":0,"relics":["Burning Blood","MealTicket","War Paint","PreservedInsect","Omamori","Velvet Choker","Tiny Chest","Orrery","Boot","Calling Bell","Ancient Tea Set","Question Card","Pocketwatch","Pear","Darkstone Periapt","Blood Vial","Shovel","White Beast Statue","Bronze Scales","Letter Opener","Dead Branch"],"potions_floor_usage":[55,55],"damage_taken":[{"damage":6.0,"enemies":"Jaw Worm","floor":1.0,"turns":3.0},{"damage":6.0,"enemies":"2 Louse","floor":3.0,"turns":4.0},{"damage":2.0,"enemies":"Small Slimes","floor":4.0,"turns":5.0},{"damage":6.0,"enemies":"Red Slaver","floor":5.0,"turns":5.0},{"damage":36.0,"enemies":"Lagavulin","floor":7.0,"turns":6.0},{"damage":7.0,"enemies":"Blue Slaver","floor":8.0,"turns":3.0},{"damage":5.0,"enemies":"Looter","floor":11.0,"turns":3.0},{"damage":30.0,"enemies":"Gremlin Nob","floor":12.0,"turns":5.0},{"damage":41.0,"enemies":"Hexaghost","floor":16.0,"turns":10.0},{"damage":7.0,"enemies":"Shell Parasite","floor":18.0,"turns":4.0},{"damage":10.0,"enemies":"2 Thieves","floor":21.0,"turns":4.0},{"damage":7.0,"enemies":"Snake Plant","floor":22.0,"turns":3.0},{"damage":0.0,"enemies":"Gremlin Leader","floor":23.0,"turns":5.0},{"damage":23.0,"enemies":"Sentry and Sphere","floor":25.0,"turns":7.0},{"damage":13.0,"enemies":"3 Cultists","floor":28.0,"turns":5.0},{"damage":0.0,"enemies":"Snake Plant","floor":31.0,"turns":3.0},{"damage":64.0,"enemies":"Collector","floor":33.0,"turns":8.0},{"damage":3.0,"enemies":"Orb Walker","floor":35.0,"turns":2.0},{"damage":0.0,"enemies":"3 Shapes","floor":37.0,"turns":5.0},{"damage":0.0,"enemies":"Nemesis","floor":40.0,"turns":4.0},{"damage":14.0,"enemies":"Sphere and 2 Shapes","floor":42.0,"turns":7.0},{"damage":11.0,"enemies":"3 Darklings","floor":45.0,"turns":5.0},{"damage":3.0,"enemies":"Spire Growth","floor":46.0,"turns":4.0},{"damage":0.0,"enemies":"Mind Bloom Boss Battle","floor":47.0,"turns":4.0},{"damage":31.0,"enemies":"Time Eater","floor":50.0,"turns":12.0},{"damage":14.0,"enemies":"Shield and Spear","floor":54.0,"turns":5.0},{"damage":84,"enemies":"The Heart","floor":55,"turns":8}],"seed_played":"-5294854048359588745","potions_obtained":[{"floor":5.0,"key":"Fire Potion"},{"floor":7.0,"key":"ColorlessPotion"},{"floor":11.0,"key":"BlessingOfTheForge"},{"floor":12.0,"key":"SteroidPotion"},{"floor":23.0,"key":"ElixirPotion"},{"floor":31.0,"key":"SneckoOil"},{"floor":37.0,"key":"DuplicationPotion"},{"floor":45.0,"key":"Energy Potion"},{"floor":46.0,"key":"BlessingOfTheForge"},{"floor":54.0,"key":"FairyPotion"}],"is_trial":false,"path_per_floor":["M","?","M","M","M","R","E","M","T","R","M","E","R","?","R","B",null,"M","?","?","M","M","E","$","M","T","R","M","R","?","M","R","B",null,"M","$","M","$","?","E","R","M","T","R","M","M","?","T","R","B",null,"R","$","E","B",null],"character_chosen":"IRONCLAD","items_purchased":["Orrery","Feed","Pear","Dexterity Potion"],"campfire_rested":1,"item_purchase_floors":[24,24,36,53],"current_hp_per_floor":[56,76,76,80,80,80,50,49,49,49,50,26,50,43,43,8,80,79,79,79,75,74,80,80,66,66,66,59,59,59,68,68,10,86,89,99,102,102,102,102,102,97,97,97,94,99,105,105,105,80,105,105,105,97,21],"gold":41,"neow_bonus":"THREE_RARE_CARDS","is_prod":false,"is_daily":false,"chose_seed":false,"campfire_upgraded":7,"win_rate":0,"timestamp":1587273881,"path_taken":["M","?","M","M","M","R","E","M","T","R","M","E","R","?","R","BOSS","M","?","?","?","M","E","$","M","T","R","M","R","?","M","R","BOSS","M","$","M","$","?","E","R","M","T","R","M","M","?","?","R","BOSS","R","$","E","BOSS"],"build_version":"2020-01-27","purchased_purges":2,"victory":true,"max_hp_per_floor":[80,80,80,80,80,80,80,80,80,80,80,80,80,80,80,80,80,80,80,80,80,80,80,80,83,83,83,83,83,83,86,86,86,86,89,99,102,102,102,102,102,105,105,105,105,105,105,105,105,105,105,105,105,105,105],"card_choices":[{"not_picked":["Immolate","Bludgeon"],"picked":"Impervious","floor":0.0},{"not_picked":["Thunderclap","Perfected Strike","Iron Wave"],"picked":"SKIP","floor":1.0},{"not_picked":["Infernal Blade","Blood for Blood","Havoc"],"picked":"SKIP","floor":3.0},{"not_picked":["Sword Boomerang","Pummel"],"picked":"Flame Barrier","floor":4.0},{"not_picked":["Thunderclap","Combust","Whirlwind"],"picked":"SKIP","floor":5.0},{"not_picked":["Clash","Twin Strike"],"picked":"Corruption","floor":7.0},{"not_picked":["Clash","Carnage"],"picked":"Body Slam","floor":8.0},{"not_picked":["Sword Boomerang","Second Wind"],"picked":"Uppercut","floor":11.0},{"not_picked":["Wild Strike","Feel No Pain","Rupture"],"picked":"SKIP","floor":12.0},{"not_picked":["Juggernaut","Bludgeon"],"picked":"Impervious","floor":16.0},{"not_picked":["Infernal Blade","Feel No Pain","Twin Strike+1"],"picked":"SKIP","floor":18.0},{"not_picked":["Twin Strike","Intimidate","Rupture"],"picked":"SKIP","floor":21.0},{"not_picked":["Pommel Strike+1","Thunderclap","Armaments"],"picked":"SKIP","floor":22.0},{"not_picked":["Shrug It Off","Flex+1","Cleave"],"picked":"SKIP","floor":23.0},{"not_picked":["Ghostly Armor","Wild Strike+1"],"picked":"Inflame","floor":24.0},{"not_picked":["Dropkick","Rage"],"picked":"Ghostly Armor+1","floor":24.0},{"not_picked":["Clothesline","Heavy Blade"],"picked":"Burning Pact","floor":25.0},{"not_picked":["Blood for Blood","Wild Strike","Inflame"],"picked":"SKIP","floor":28.0},{"not_picked":["Blood for Blood","Wild Strike","Inflame"],"picked":"SKIP","floor":28.0},{"not_picked":["Pommel Strike","Dropkick","Disarm"],"picked":"SKIP","floor":31.0},{"not_picked":["Reaper","Fiend Fire"],"picked":"Demon Form","floor":33.0},{"not_picked":["Warcry+1","Anger","Cleave+1","Clash"],"picked":"SKIP","floor":35.0},{"not_picked":["Warcry","Headbutt+1","Carnage+1"],"picked":"Shrug It Off+1","floor":37.0},{"not_picked":["Feel No Pain+1","Battle Trance","Exhume"],"picked":"Body Slam+1","floor":40.0},{"not_picked":["Dropkick+1","Pummel+1","Shrug It Off","Warcry"],"picked":"SKIP","floor":42.0},{"not_picked":["Anger+1","Armaments","Feel No Pain+1","Shrug It Off"],"picked":"SKIP","floor":45.0},{"not_picked":["Twin Strike+1","Sword Boomerang+1","Havoc+1","Clash+1"],"picked":"SKIP","floor":46.0},{"not_picked":["Flex+1","Clash","Shrug It Off+1"],"picked":"Entrench+1","floor":47.0},{"not_picked":["Shockwave","Infernal Blade","Iron Wave+1"],"picked":"Double Tap","floor":54.0}],"player_experience":503730,"relics_obtained":[{"floor":7.0,"key":"MealTicket"},{"floor":9.0,"key":"War Paint"},{"floor":12.0,"key":"PreservedInsect"},{"floor":23.0,"key":"Tiny Chest"},{"floor":34.0,"key":"Ancient Tea Set"},{"floor":34.0,"key":"Question Card"},{"floor":34.0,"key":"Pocketwatch"},{"floor":40.0,"key":"Darkstone Periapt"},{"floor":43.0,"key":"Blood Vial"},{"floor":47.0,"key":"Shovel"},{"floor":48.0,"key":"White Beast Statue"},{"floor":49.0,"key":"Bronze Scales"},{"floor":52.0,"key":"Letter Opener"},{"floor":54.0,"key":"Dead Branch"}],"event_choices":[{"damage_healed":20.0,"max_hp_gain":0.0,"max_hp_loss":0.0,"gold_gain":0.0,"event_name":"The Cleric","player_choice":"Healed","floor":2.0,"gold_loss":35.0,"damage_taken":0.0},{"damage_healed":0.0,"max_hp_gain":0.0,"max_hp_loss":0.0,"gold_gain":0.0,"event_name":"Scrap Ooze","player_choice":"Success","floor":14.0,"gold_loss":0.0,"damage_taken":7.0,"relics_obtained":["Omamori"]},{"damage_healed":0.0,"max_hp_gain":0.0,"max_hp_loss":0.0,"gold_gain":0.0,"event_name":"Back to Basics","player_choice":"Simplicity","floor":19.0,"gold_loss":0.0,"damage_taken":0.0,"cards_upgraded":["Strike_R","Strike_R","Strike_R","Strike_R","Strike_R","Defend_R","Defend_R","Defend_R"]},{"cards_removed":["Strike_R"],"damage_healed":0.0,"max_hp_gain":0.0,"max_hp_loss":0.0,"gold_gain":0.0,"event_name":"NoteForYourself","player_choice":"Took Card","floor":20.0,"gold_loss":0.0,"damage_taken":0.0,"cards_obtained":["Strike_R"]},{"damage_healed":0.0,"max_hp_gain":0.0,"max_hp_loss":0.0,"gold_gain":0.0,"event_name":"The Mausoleum","player_choice":"Opened","floor":30.0,"gold_loss":0.0,"damage_taken":0.0,"relics_obtained":["Boot"]},{"cards_removed":["Strike_R"],"damage_healed":0.0,"max_hp_gain":0.0,"max_hp_loss":0.0,"gold_gain":0.0,"event_name":"Falling","player_choice":"Removed Attack","floor":39.0,"gold_loss":0.0,"damage_taken":0.0},{"damage_healed":0.0,"max_hp_gain":0.0,"max_hp_loss":0.0,"gold_gain":0.0,"event_name":"MindBloom","player_choice":"Fight","floor":47.0,"gold_loss":0.0,"damage_taken":0.0}],"is_beta":false,"boss_relics":[{"not_picked":["Tiny House","Pandora\u0027s Box"],"picked":"Velvet Choker"},{"not_picked":["Black Star","SlaversCollar"],"picked":"Calling Bell"}],"items_purged_floors":[24,53],"is_endless":false,"potions_floor_spawned":[5,7,11,12,23,31,37,45,46,54],"ascension_level":0}