{"gold_per_floor":[209,159,178,189,32,32,64,64,64,78,108,108,139,155,155,252,302,314,324,95,127,127,127,155,172,198,212,212,229,229,245,245,348,348,368,380,396,83,99,99,99,133,158,170,183,54,4,16,16,16,16,16,16,43,43],"floor_reached":55,"playtime":4183,"items_purged":["Strike_R","Defend_R","Parasite"],"score":741,"play_id":"ac51dcdc-2b4e-4013-8521-ac4daedf0d72","local_time":"20200424204750","is_ascension_mode":false,"campfire_choices":[{"data":"Bash","floor":6.0,"key":"SMITH"},{"data":"Inflame","floor":8.0,"key":"SMITH"},{"floor":12.0,"key":"RECALL"},{"data":"Body Slam","floor":15.0,"key":"SMITH"},{"floor":23.0,"key":"REST"},{"data":"Berserk","floor":30.0,"key":"SMITH"},{"data":"Shockwave","floor":32.0,"key":"SMITH"},{"data":"Barricade","floor":40.0,"key":"SMITH"},{"data":"Metallicize","floor":49.0,"key":"SMITH"},{"data":"Impervious","floor":52.0,"key":"SMITH"}],"neow_cost":"NONE","seed_source_timestamp":4353305086134974,"circlet_count":0,"master_deck":["Strike_R","Strike_R+1","Strike_R","Defend_R","Defend_R","Defend_R","Bash+1","Ghostly Armor","Inflame+1","Impervious+1","Body Slam+1","Berserk+1","Shockwave+1","Iron Wave+1","Body Slam+1","Iron Wave","Barricade+1","Rage+1","Rage+1","Flame Barrier+1","Metallicize+1"],"special_seed":0,"relics":["Black Blood","Sling","Magic Flower","Mercury Hourglass","Dream Catcher","Pantograph","Tiny House","TheAbacus","Red Mask","Enchiridion","Thread and Needle","FossilizedHelix","Juzu Bracelet","Smiling Mask","Paper Frog"],"potions_floor_usage":[55],"damage_taken":[{"damage":10.0,"enemies":"Cultist","floor":1.0,"turns":4.0},{"damage":8.0,"enemies":"Jaw Worm","floor":3.0,"turns":4.0},{"damage":0.0,"enemies":"2 Louse","floor":4.0,"turns":3.0},{"damage":34.0,"enemies":"3 Sentries","floor":7.0,"turns":9.0},{"damage":4.0,"enemies":"Blue Slaver","floor":10.0,"turns":4.0},{"damage":20.0,"enemies":"Lagavulin","floor":11.0,"turns":6.0},{"damage":8.0,"enemies":"3 Sentries","floor":13.0,"turns":5.0},{"damage":2.0,"enemies":"Looter","floor":14.0,"turns":4.0},{"damage":45.0,"enemies":"Slime Boss","floor":16.0,"turns":14.0},{"damage":3.0,"enemies":"Spheric Guardian","floor":18.0,"turns":5.0},{"damage":21.0,"enemies":"Chosen","floor":19.0,"turns":5.0},{"damage":43.0,"enemies":"Masked Bandits","floor":21.0,"turns":7.0},{"damage":0.0,"enemies":"Gremlin Leader","floor":24.0,"turns":5.0},{"damage":0.0,"enemies":"Shelled Parasite and Fungi","floor":25.0,"turns":4.0},{"damage":17.0,"enemies":"Centurion and Healer","floor":27.0,"turns":4.0},{"damage":4.0,"enemies":"Snake Plant","floor":29.0,"turns":4.0},{"damage":0.0,"enemies":"Shelled Parasite and Fungi","floor":31.0,"turns":4.0},{"damage":46.0,"enemies":"Automaton","floor":33.0,"turns":9.0},{"damage":18.0,"enemies":"3 Darklings","floor":35.0,"turns":5.0},{"damage":2.0,"enemies":"3 Shapes","floor":36.0,"turns":5.0},{"damage":0.0,"enemies":"3 Darklings","floor":37.0,"turns":5.0},{"damage":13.0,"enemies":"Writhing Mass","floor":39.0,"turns":10.0},{"damage":23.0,"enemies":"Giant Head","floor":42.0,"turns":10.0},{"damage":24.0,"enemies":"Spire Growth","floor":44.0,"turns":5.0},{"damage":33.0,"enemies":"Transient","floor":45.0,"turns":5.0},{"damage":0.0,"enemies":"Sphere and 2 Shapes","floor":48.0,"turns":7.0},{"damage":26.0,"enemies":"Awakened One","floor":50.0,"turns":12.0},{"damage":28.0,"enemies":"Shield and Spear","floor":54.0,"turns":5.0},{"damage":85,"enemies":"The Heart","floor":55,"turns":9}],"seed_played":"1463388412593042674","potions_obtained":[{"floor":3.0,"key":"CultistPotion"},{"floor":10.0,"key":"Explosive Potion"},{"floor":13.0,"key":"Block Potion"},{"floor":16.0,"key":"Dexterity Potion"},{"floor":17.0,"key":"SmokeBomb"},{"floor":24.0,"key":"LiquidMemories"},{"floor":25.0,"key":"Dexterity Potion"},{"floor":31.0,"key":"Block Potion"},{"floor":33.0,"key":"SteroidPotion"},{"floor":39.0,"key":"PowerPotion"},{"floor":45.0,"key":"EssenceOfSteel"},{"floor":48.0,"key":"Strength Potion"}],"is_trial":false,"path_per_floor":["M","?","M","M","$","R","E","R","T","M","E","R","E","M","R","B",null,"M","M","$","?","?","R","E","M","T","M","?","M","R","M","R","B",null,"M","M","M","$","M","R","?","E","T","M","M","$","$","M","R","B",null,"R","$","E","B"],"character_chosen":"IRONCLAD","items_purchased":["Sling","TheAbacus","FossilizedHelix","Metallicize"],"campfire_rested":1,"item_purchase_floors":[5,20,38,46],"current_hp_per_floor":[76,76,74,80,80,80,52,52,52,57,46,46,47,54,54,44,85,85,73,73,39,23,48,57,66,66,58,58,63,63,72,72,48,85,85,85,85,85,85,85,85,80,80,74,59,59,59,77,77,74,82,82,82,72,0],"gold":43,"neow_bonus":"HUNDRED_GOLD","is_prod":false,"is_daily":false,"chose_seed":false,"campfire_upgraded":8,"win_rate":0,"timestamp":1587790070,"path_taken":["M","?","M","M","$","R","E","R","T","M","E","R","E","M","R","BOSS","M","M","$","?","?","R","E","M","T","M","?","?","R","M","R","BOSS","M","M","M","$","M","R","?","E","T","M","M","?","$","M","R","BOSS","R","$","E","BOSS"],"build_version":"2020-01-27","purchased_purges":3,"victory":false,"max_hp_per_floor":[80,80,80,80,80,80,80,80,80,80,80,80,80,80,80,80,85,85,85,85,85,85,85,85,85,85,85,85,85,85,85,85,85,85,85,85,85,85,85,85,85,85,85,85,85,85,82,82,82,82,82,82,82,82,82],"card_choices":[{"not_picked":["Thunderclap","Sword Boomerang","Flex"],"picked":"SKIP","floor":1.0},{"not_picked":["Entrench","Flex"],"picked":"Ghostly Armor","floor":3.0},{"not_picked":["Dual Wield","Shrug It Off","Wild Strike"],"picked":"SKIP","floor":4.0},{"not_picked":["Clash","Clothesline"],"picked":"Inflame","floor":7.0},{"not_picked":["Intimidate","Flex","Iron Wave"],"picked":"SKIP","floor":10.0},{"not_picked":["Sever Soul","Intimidate","Sword Boomerang"],"picked":"SKIP","floor":11.0},{"not_picked":["Second Wind","Shockwave"],"picked":"Impervious","floor":13.0},{"not_picked":["Sword Boomerang","Power Through"],"picked":"Body Slam","floor":14.0},{"not_picked":["Reaper","Bludgeon"],"picked":"Berserk","floor":16.0},{"not_picked":["Headbutt","Havoc"],"picked":"Shockwave","floor":17.0},{"not_picked":["Clothesline","Offering","Power Through"],"picked":"SKIP","floor":18.0},{"not_picked":["Anger","Clothesline+1","Twin Strike"],"picked":"SKIP","floor":19.0},{"not_picked":["Warcry+1","Cleave"],"picked":"Iron Wave+1","floor":21.0},{"not_picked":["Warcry+1","Inflame"],"picked":"Body Slam+1","floor":24.0},{"not_picked":["Sword Boomerang","Cleave+1","Body Slam"],"picked":"SKIP","floor":25.0},{"not_picked":["Cleave","Flex+1"],"picked":"Iron Wave","floor":27.0},{"not_picked":["Headbutt","Pommel Strike","Brutality"],"picked":"SKIP","floor":29.0},{"not_picked":["Headbutt","Pommel Strike","Brutality"],"picked":"SKIP","floor":29.0},{"not_picked":["Warcry","Clothesline","Clash"],"picked":"SKIP","floor":31.0},{"not_picked":["Immolate","Corruption"],"picked":"Barricade","floor":33.0},{"not_picked":["Searing Blow+1","Warcry+1","Armaments+1"],"picked":"SKIP","floor":35.0},{"not_picked":["True Grit","Rupture","Warcry"],"picked":"SKIP","floor":36.0},{"not_picked":["Spot Weakness","Carnage+1","Perfected Strike+1"],"picked":"SKIP","floor":37.0},{"not_picked":["Shrug It Off","True Grit+1"],"picked":"Rage+1","floor":39.0},{"not_picked":["Rage","Sever Soul+1","Havoc+1"],"picked":"SKIP","floor":42.0},{"not_picked":["Sentinel","Burning Pact","Searing Blow"],"picked":"SKIP","floor":44.0},{"not_picked":["Cleave","Double Tap"],"picked":"Flame Barrier+1","floor":45.0},{"not_picked":["Perfected Strike+1","Sword Boomerang","Twin Strike+1"],"picked":"SKIP","floor":48.0},{"not_picked":["Sentinel+1","Perfected Strike+1","Havoc"],"picked":"SKIP","floor":54.0}],"player_experience":539199,"relics_obtained":[{"floor":7.0,"key":"Magic Flower"},{"floor":9.0,"key":"Mercury Hourglass"},{"floor":11.0,"key":"Dream Catcher"},{"floor":13.0,"key":"Pantograph"},{"floor":21.0,"key":"Red Mask"},{"floor":22.0,"key":"Enchiridion"},{"floor":24.0,"key":"Thread and Needle"},{"floor":42.0,"key":"Juzu Bracelet"},{"floor":43.0,"key":"Smiling Mask"},{"floor":54.0,"key":"Paper Frog"}],"event_choices":[{"cards_removed":["Strike_R"],"damage_healed":0.0,"max_hp_gain":0.0,"max_hp_loss":0.0,"gold_gain":0.0,"event_name":"The Cleric","player_choice":"Card Removal","floor":2.0,"gold_loss":50.0,"damage_taken":0.0},{"damage_healed":0.0,"max_hp_gain":0.0,"max_hp_loss":0.0,"gold_gain":0.0,"event_name":"Masked Bandits","player_choice":"Fought Bandits","floor":21.0,"gold_loss":0.0,"damage_taken":0.0},{"damage_healed":0.0,"max_hp_gain":0.0,"max_hp_loss":0.0,"gold_gain":0.0,"event_name":"Cursed Tome","player_choice":"Obtained Book","floor":22.0,"gold_loss":0.0,"damage_taken":16.0},{"damage_healed":0.0,"max_hp_gain":0.0,"max_hp_loss":0.0,"gold_gain":0.0,"event_name":"The Mausoleum","player_choice":"Ignored","floor":28.0,"gold_loss":0.0,"damage_taken":0.0},{"damage_healed":0.0,"max_hp_gain":0.0,"max_hp_loss":0.0,"gold_gain":0.0,"event_name":"Duplicator","player_choice":"Copied","floor":41.0,"gold_loss":0.0,"damage_taken":0.0,"cards_obtained":["Rage"]}],"is_beta":false,"boss_relics":[{"not_picked":["Philosopher\u0027s Stone","Fusion Hammer"],"picked":"Tiny House"},{"not_picked":["Runic Cube","Mark of Pain"],"picked":"Black Blood"}],"items_purged_floors":[20,46,47],"is_endless":false,"potions_floor_spawned":[3,10,13,16,24,25,31,33,39,42,45,48],"killed_by":"The Heart","ascension_level":0}