{"gold_per_floor":[109,128,80,30,46,46,59,59,83,96,96,114,139,139,139,243,243,260,1,11,27,45,45,45,45,45,60,60,160,259,259,259,362,362,378,378,392,392,405,437,437,453,453,483,495,507],"floor_reached":46,"playtime":3472,"items_purged":[],"score":452,"play_id":"7adc6a19-a0d0-45c6-bbd5-806d6fbdf9da","local_time":"20200421130511","is_ascension_mode":false,"campfire_choices":[{"data":"Bash","floor":6,"key":"SMITH"},{"data":"True Grit","floor":8,"key":"SMITH"},{"data":"Fire Breathing","floor":15,"key":"SMITH"},{"floor":23,"key":"RECALL"},{"floor":25,"key":"REST"},{"data":"Barricade","floor":28,"key":"SMITH"},{"data":"Battle Trance","floor":32,"key":"SMITH"},{"data":"Evolve","floor":41,"key":"SMITH"}],"neow_cost":"NONE","seed_source_timestamp":4067814746724923,"circlet_count":0,"master_deck":["Strike_R","Strike_R+1","Strike_R","Strike_R","Defend_R","Defend_R+1","Defend_R","Defend_R","Bash+1","Battle Trance+1","True Grit+1","Fire Breathing+1","Reckless Charge","Second Wind","Fiend Fire","Barricade+1","Juggernaut","Evolve+1","Writhe","Burning Pact","Flame Barrier"],"relics":["Mark of Pain","Juzu Bracelet","Boot","SlaversCollar","Meat on the Bone","Nilry\u0027s Codex","Black Star","Toy Ornithopter","Vajra","MawBank"],"potions_floor_usage":[13,20,20,33,33,33,35,39,46],"damage_taken":[{"damage":1,"enemies":"2 Louse","floor":1,"turns":3},{"damage":1,"enemies":"Jaw Worm","floor":2,"turns":4},{"damage":0,"enemies":"Small Slimes","floor":5,"turns":3},{"damage":4,"enemies":"Exordium Wildlife","floor":7,"turns":4},{"damage":4,"enemies":"2 Fungi Beasts","floor":10,"turns":4},{"damage":10,"enemies":"Gremlin Gang","floor":12,"turns":4},{"damage":11,"enemies":"Gremlin Nob","floor":13,"turns":4},{"damage":17,"enemies":"Hexaghost","floor":16,"turns":9},{"damage":10,"enemies":"Chosen","floor":18,"turns":5},{"damage":27,"enemies":"3 Byrds","floor":20,"turns":5},{"damage":33,"enemies":"Snake Plant","floor":21,"turns":6},{"damage":3,"enemies":"Cultist and Chosen","floor":22,"turns":6},{"damage":19,"enemies":"Centurion and Healer","floor":27,"turns":7},{"damage":8,"enemies":"Collector","floor":33,"turns":12},{"damage":17,"enemies":"Orb Walker","floor":35,"turns":4},{"damage":4,"enemies":"3 Shapes","floor":37,"turns":4},{"damage":50,"enemies":"Spire Growth","floor":39,"turns":7},{"damage":14,"enemies":"Nemesis","floor":40,"turns":8},{"damage":11,"enemies":"Jaw Worm Horde","floor":42,"turns":4},{"damage":22,"enemies":"4 Shapes","floor":44,"turns":4},{"damage":34,"enemies":"Giant Head","floor":46,"turns":8}],"seed_played":"4495836335783817975","potions_obtained":[{"floor":5,"key":"Explosive Potion"},{"floor":12,"key":"BlessingOfTheForge"},{"floor":16,"key":"Fire Potion"},{"floor":27,"key":"EntropicBrew"},{"floor":33,"key":"Energy Potion"},{"floor":40,"key":"Swift Potion"}],"is_trial":false,"path_per_floor":["M","M","$","?","M","R","M","R","T","M","?","M","E","?","R","B",null,"M","$","M","M","M","R","?","R","T","M","R","?","?","?","R","B",null,"M","?","M","?","M","E","R","M","T","M","?","E"],"character_chosen":"IRONCLAD","items_purchased":["True Grit","Meat on the Bone"],"campfire_rested":1,"item_purchase_floors":[3,19],"current_hp_per_floor":[79,78,78,78,78,78,74,74,74,70,54,44,33,59,59,42,80,70,70,43,22,31,31,15,39,39,32,32,32,32,58,58,50,80,63,80,76,76,38,36,36,37,37,27,27,0],"gold":507,"neow_bonus":"BOSS_RELIC","is_prod":false,"is_daily":false,"chose_seed":false,"campfire_upgraded":6,"win_rate":0,"timestamp":1587503111,"path_taken":["M","M","$","?","M","R","M","R","T","M","?","M","E","?","R","BOSS","M","$","M","M","M","R","?","R","T","M","R","?","?","?","R","BOSS","M","?","M","?","M","E","R","M","T","M","?","E"],"build_version":"2020-01-27","purchased_purges":0,"victory":false,"max_hp_per_floor":[80,80,80,80,80,80,80,80,80,80,80,80,80,80,80,80,80,80,80,80,80,80,80,80,80,80,80,80,80,80,80,80,80,80,80,80,80,80,80,80,80,80,80,80,80,80],"card_choices":[{"not_picked":["Havoc","Shockwave","Spot Weakness"],"picked":"SKIP","floor":1},{"not_picked":["Whirlwind","Carnage"],"picked":"Battle Trance","floor":2},{"not_picked":["Perfected Strike","Seeing Red","Iron Wave"],"picked":"SKIP","floor":5},{"not_picked":["Heavy Blade","Headbutt","Iron Wave"],"picked":"SKIP","floor":7},{"not_picked":["Perfected Strike","Headbutt"],"picked":"Fire Breathing","floor":10},{"not_picked":["Twin Strike","Thunderclap"],"picked":"Reckless Charge","floor":12},{"not_picked":["Battle Trance","Rampage"],"picked":"Second Wind","floor":13},{"not_picked":["Corruption","Bludgeon"],"picked":"Fiend Fire","floor":16},{"not_picked":["Rampage","Clothesline","Pommel Strike"],"picked":"SKIP","floor":18},{"not_picked":["Shrug It Off","Havoc+1","True Grit+1"],"picked":"SKIP","floor":20},{"not_picked":["Cleave","Sword Boomerang","Shrug It Off"],"picked":"SKIP","floor":21},{"not_picked":["Spot Weakness","Anger","Clash"],"picked":"SKIP","floor":22},{"not_picked":["Warcry","Heavy Blade"],"picked":"Barricade","floor":27},{"not_picked":["Barricade","Fiend Fire"],"picked":"Juggernaut","floor":33},{"not_picked":["Havoc+1","Cleave+1"],"picked":"Evolve","floor":35},{"not_picked":["Headbutt","Pommel Strike+1"],"picked":"Burning Pact","floor":37},{"not_picked":["Iron Wave+1","Rampage+1","Wild Strike+1"],"picked":"SKIP","floor":39},{"not_picked":["Reckless Charge+1","Inflame","Fire Breathing"],"picked":"SKIP","floor":40},{"not_picked":["Pommel Strike+1","Anger+1","Evolve+1"],"picked":"SKIP","floor":42},{"not_picked":["Iron Wave+1","Heavy Blade"],"picked":"Flame Barrier","floor":44}],"player_experience":523902,"relics_obtained":[{"floor":9,"key":"Juzu Bracelet"},{"floor":13,"key":"Boot"},{"floor":24,"key":"Nilry\u0027s Codex"},{"floor":40,"key":"Toy Ornithopter"},{"floor":40,"key":"Vajra"},{"floor":43,"key":"MawBank"}],"event_choices":[{"cards_removed":["Strike_R"],"damage_healed":0,"gold_gain":0,"player_choice":"Card Removal","damage_taken":0,"max_hp_gain":0,"max_hp_loss":0,"event_name":"The Cleric","floor":4,"gold_loss":50},{"damage_healed":0,"gold_gain":0,"player_choice":"Entered Light","damage_taken":16,"max_hp_gain":0,"max_hp_loss":0,"event_name":"Shining Light","floor":11,"gold_loss":0,"cards_upgraded":["Strike_R","Defend_R"]},{"damage_healed":26,"gold_gain":0,"player_choice":"Banana","damage_taken":0,"max_hp_gain":0,"max_hp_loss":0,"event_name":"Big Fish","floor":14,"gold_loss":0},{"damage_healed":0,"gold_gain":0,"player_choice":"Obtained Book","damage_taken":16,"max_hp_gain":0,"max_hp_loss":0,"event_name":"Cursed Tome","floor":24,"gold_loss":0},{"damage_healed":0,"gold_gain":100,"player_choice":"Pray","damage_taken":0,"max_hp_gain":0,"max_hp_loss":0,"event_name":"Golden Shrine","floor":29,"gold_loss":0},{"damage_healed":0,"gold_gain":99,"player_choice":"Stole From Cult","damage_taken":0,"max_hp_gain":0,"max_hp_loss":0,"event_name":"Nest","floor":30,"gold_loss":0},{"damage_healed":26,"gold_gain":0,"player_choice":"Heal","damage_taken":0,"max_hp_gain":0,"max_hp_loss":0,"event_name":"The Library","floor":31,"gold_loss":0},{"damage_healed":20,"gold_gain":0,"player_choice":"Writhe","damage_taken":0,"max_hp_gain":0,"max_hp_loss":0,"event_name":"Winding Halls","floor":36,"gold_loss":0,"cards_obtained":["Writhe"]},{"damage_healed":0,"gold_gain":0,"player_choice":"Ignored","damage_taken":0,"max_hp_gain":0,"max_hp_loss":0,"event_name":"SecretPortal","floor":38,"gold_loss":0},{"damage_healed":0,"gold_gain":0,"player_choice":"Ignored","damage_taken":0,"max_hp_gain":0,"max_hp_loss":0,"event_name":"Mysterious Sphere","floor":45,"gold_loss":0}],"is_beta":false,"boss_relics":[{"not_picked":["Empty Cage","Snecko Eye"],"picked":"SlaversCollar"},{"not_picked":["Cursed Key","SacredBark"],"picked":"Black Star"}],"items_purged_floors":[],"is_endless":false,"potions_floor_spawned":[5,12,16,27,33,40],"killed_by":"Giant Head","ascension_level":0}