{"gold_per_floor":[18,35,35,51,61,86,86,86,86,11,27,40,40,69,69,170,170,181,196,211,222,242,267,18,51,77,89,122,122,37,52,52,148,148,164,174,228,242,95,95,106,106,129,129,50,69,69,119,119,119,119,119,23,52,52],"floor_reached":55,"playtime":4713,"items_purged":["Regret","Strike_R"],"score":691,"play_id":"4fc9575b-0a74-4213-bf74-b556839fe62c","local_time":"20200425222401","is_ascension_mode":false,"campfire_choices":[{"data":"Uppercut","floor":7.0,"key":"SMITH"},{"data":"Blood for Blood","floor":15.0,"key":"SMITH"},{"floor":29.0,"key":"REST"},{"floor":32.0,"key":"REST"},{"floor":40.0,"key":"REST"},{"floor":42.0,"key":"RECALL"},{"data":"Bash","floor":44.0,"key":"SMITH"},{"data":"Blood for Blood","floor":47.0,"key":"SMITH"},{"data":"Anger","floor":49.0,"key":"SMITH"},{"data":"Pommel Strike","floor":52.0,"key":"SMITH"}],"neow_cost":"NO_GOLD","seed_source_timestamp":4444746944089025,"circlet_count":0,"master_deck":["Strike_R","Defend_R","Defend_R","Defend_R","Bash+1","Blood for Blood+1","Uppercut+1","Shrug It Off","Combust","Rage","Spot Weakness+1","Pommel Strike+1","Pommel Strike+1","Anger+1","Blood for Blood+1","Rage","Limit Break+1","Rupture","Ghostly Armor+1"],"special_seed":0,"relics":["Burning Blood","Lantern","Kunai","Pear","Pantograph","Empty Cage","Tiny Chest","Gambling Chip","Pen Nib","Ancient Tea Set","Lizard Tail","Busted Crown","WingedGreaves","War Paint","Champion Belt","Toy Ornithopter"],"potions_floor_usage":[],"damage_taken":[{"damage":3.0,"enemies":"Cultist","floor":1.0,"turns":6.0},{"damage":5.0,"enemies":"2 Louse","floor":2.0,"turns":3.0},{"damage":0.0,"enemies":"Small Slimes","floor":4.0,"turns":3.0},{"damage":7.0,"enemies":"2 Fungi Beasts","floor":5.0,"turns":5.0},{"damage":31.0,"enemies":"3 Sentries","floor":6.0,"turns":7.0},{"damage":0.0,"enemies":"Looter","floor":11.0,"turns":4.0},{"damage":6.0,"enemies":"Blue Slaver","floor":12.0,"turns":3.0},{"damage":12.0,"enemies":"Lagavulin","floor":14.0,"turns":5.0},{"damage":44.0,"enemies":"Hexaghost","floor":16.0,"turns":9.0},{"damage":2.0,"enemies":"Chosen","floor":18.0,"turns":3.0},{"damage":33.0,"enemies":"Spheric Guardian","floor":19.0,"turns":6.0},{"damage":11.0,"enemies":"Centurion and Healer","floor":20.0,"turns":7.0},{"damage":18.0,"enemies":"Shelled Parasite and Fungi","floor":21.0,"turns":5.0},{"damage":15.0,"enemies":"Cultist and Chosen","floor":22.0,"turns":7.0},{"damage":29.0,"enemies":"Book of Stabbing","floor":23.0,"turns":5.0},{"damage":42.0,"enemies":"Gremlin Leader","floor":25.0,"turns":5.0},{"damage":27.0,"enemies":"3 Cultists","floor":27.0,"turns":6.0},{"damage":12.0,"enemies":"Book of Stabbing","floor":28.0,"turns":4.0},{"damage":8.0,"enemies":"Centurion and Healer","floor":31.0,"turns":4.0},{"damage":71.0,"enemies":"Collector","floor":33.0,"turns":6.0},{"damage":16.0,"enemies":"3 Darklings","floor":35.0,"turns":5.0},{"damage":3.0,"enemies":"Orb Walker","floor":36.0,"turns":2.0},{"damage":51.0,"enemies":"2 Orb Walkers","floor":37.0,"turns":4.0},{"damage":40.0,"enemies":"Jaw Worm Horde","floor":38.0,"turns":4.0},{"damage":11.0,"enemies":"4 Shapes","floor":41.0,"turns":4.0},{"damage":6.0,"enemies":"Maw","floor":46.0,"turns":6.0},{"damage":31.0,"enemies":"Mind Bloom Boss Battle","floor":48.0,"turns":5.0},{"damage":53.0,"enemies":"Donu and Deca","floor":50.0,"turns":7.0},{"damage":48.0,"enemies":"Shield and Spear","floor":54.0,"turns":5.0},{"damage":73,"enemies":"The Heart","floor":55,"turns":4}],"seed_played":"4046765531074588862","potions_obtained":[{"floor":2.0,"key":"FearPotion"},{"floor":4.0,"key":"AttackPotion"},{"floor":6.0,"key":"FearPotion"},{"floor":16.0,"key":"PowerPotion"},{"floor":19.0,"key":"Strength Potion"},{"floor":20.0,"key":"ColorlessPotion"},{"floor":22.0,"key":"Regen Potion"},{"floor":27.0,"key":"HeartOfIron"},{"floor":28.0,"key":"LiquidMemories"},{"floor":33.0,"key":"Swift Potion"},{"floor":36.0,"key":"Strength Potion"},{"floor":41.0,"key":"Fire Potion"},{"floor":46.0,"key":"Energy Potion"},{"floor":48.0,"key":"SkillPotion"},{"floor":54.0,"key":"Explosive Potion"}],"is_trial":false,"path_per_floor":["M","M","$","M","M","E","R","?","T","$","M","M","$","E","R","B",null,"M","M","M","M","M","E","$","E","T","M","E","R","?","M","R","B",null,"M","M","?","M","$","R","M","R","T","R","$","M","R","?","R","B",null,"R","$","E","B"],"character_chosen":"IRONCLAD","items_purchased":["BloodPotion","FairyPotion","War Paint","Rupture","HeartOfIron"],"campfire_rested":3,"item_purchase_floors":[24,24,39,45,53],"current_hp_per_floor":[80,80,80,80,79,54,54,54,64,64,70,70,70,64,64,51,90,90,63,58,46,37,29,47,11,11,20,14,41,41,39,66,25,90,80,83,38,51,51,78,73,73,73,73,73,73,73,65,65,43,90,90,90,48,0],"gold":52,"neow_bonus":"REMOVE_TWO","is_prod":false,"is_daily":false,"chose_seed":false,"campfire_upgraded":6,"win_rate":0,"timestamp":1587882241,"path_taken":["M","M","?","M","M","E","R","?","T","$","M","M","$","E","R","BOSS","M","M","M","M","M","E","$","E","T","M","E","R","?","M","R","BOSS","M","M","?","M","$","R","M","R","T","R","$","M","R","?","R","BOSS","R","$","E","BOSS"],"build_version":"2020-01-27","purchased_purges":2,"victory":false,"max_hp_per_floor":[80,80,80,80,80,80,80,80,90,90,90,90,90,90,90,90,90,90,90,90,90,90,90,90,90,90,90,90,90,90,90,90,90,90,90,90,90,90,90,90,90,90,90,90,90,90,90,90,90,90,90,90,90,90,90],"card_choices":[{"not_picked":["Pommel Strike","Cleave"],"picked":"Blood for Blood","floor":1.0},{"not_picked":["Shrug It Off","Wild Strike"],"picked":"Uppercut","floor":2.0},{"not_picked":["Iron Wave","Searing Blow"],"picked":"Shrug It Off","floor":4.0},{"not_picked":["Pommel Strike","Flex","Second Wind"],"picked":"SKIP","floor":5.0},{"not_picked":["Clash","Iron Wave"],"picked":"Combust","floor":6.0},{"not_picked":["Twin Strike","Clash","Carnage"],"picked":"SKIP","floor":11.0},{"not_picked":["Searing Blow","Heavy Blade","Clash"],"picked":"SKIP","floor":12.0},{"not_picked":["Feed","Ghostly Armor"],"picked":"Rage","floor":14.0},{"not_picked":["Perfected Strike+1","Battle Trance"],"picked":"Spot Weakness","floor":18.0},{"not_picked":["Havoc+1","Spot Weakness+1"],"picked":"Pommel Strike","floor":19.0},{"not_picked":["Inflame","Warcry"],"picked":"Pommel Strike+1","floor":20.0},{"not_picked":["Fire Breathing+1","Intimidate","Wild Strike+1"],"picked":"SKIP","floor":21.0},{"not_picked":["Second Wind+1","Intimidate","Thunderclap"],"picked":"SKIP","floor":22.0},{"not_picked":["Headbutt","Immolate"],"picked":"Anger","floor":23.0},{"not_picked":["Uppercut","Havoc"],"picked":"Blood for Blood","floor":25.0},{"not_picked":["Bloodletting","Seeing Red","Fire Breathing+1"],"picked":"SKIP","floor":27.0},{"not_picked":["Warcry","Thunderclap","Fire Breathing"],"picked":"SKIP","floor":28.0},{"not_picked":["Reckless Charge","Whirlwind"],"picked":"Rage","floor":31.0},{"not_picked":["Immolate","Impervious"],"picked":"Limit Break","floor":33.0},{"not_picked":["Thunderclap"],"picked":"SKIP","floor":35.0},{"not_picked":["Armaments+1"],"picked":"SKIP","floor":36.0},{"not_picked":["Perfected Strike"],"picked":"SKIP","floor":38.0},{"not_picked":["Thunderclap+1"],"picked":"SKIP","floor":41.0},{"not_picked":["Disarm"],"picked":"SKIP","floor":46.0},{"not_picked":[],"picked":"Ghostly Armor+1","floor":48.0},{"not_picked":["Headbutt"],"picked":"SKIP","floor":54.0}],"player_experience":545595,"relics_obtained":[{"floor":6.0,"key":"Lantern"},{"floor":9.0,"key":"Pear"},{"floor":14.0,"key":"Pantograph"},{"floor":23.0,"key":"Tiny Chest"},{"floor":25.0,"key":"Gambling Chip"},{"floor":26.0,"key":"Pen Nib"},{"floor":28.0,"key":"Ancient Tea Set"},{"floor":37.0,"key":"WingedGreaves"},{"floor":48.0,"key":"Champion Belt"},{"floor":54.0,"key":"Toy Ornithopter"}],"event_choices":[{"damage_healed":0.0,"max_hp_gain":0.0,"max_hp_loss":0.0,"gold_gain":0.0,"event_name":"Big Fish","player_choice":"Box","floor":8.0,"gold_loss":0.0,"damage_taken":0.0,"relics_obtained":["Kunai"],"cards_obtained":["Regret"]},{"damage_healed":0.0,"max_hp_gain":0.0,"max_hp_loss":0.0,"gold_gain":0.0,"event_name":"Addict","player_choice":"Obtained Relic","floor":30.0,"gold_loss":85.0,"damage_taken":0.0,"relics_obtained":["Lizard Tail"]},{"damage_healed":0.0,"max_hp_gain":0.0,"max_hp_loss":0.0,"gold_gain":0.0,"event_name":"Mysterious Sphere","player_choice":"Fight","floor":37.0,"gold_loss":0.0,"damage_taken":0.0},{"damage_healed":0.0,"max_hp_gain":0.0,"max_hp_loss":0.0,"gold_gain":0.0,"event_name":"MindBloom","player_choice":"Fight","floor":48.0,"gold_loss":0.0,"damage_taken":0.0}],"is_beta":false,"boss_relics":[{"not_picked":["Snecko Eye","Runic Cube"],"picked":"Empty Cage"},{"not_picked":["SacredBark","Runic Dome"],"picked":"Busted Crown"}],"items_purged_floors":[10,24],"is_endless":false,"potions_floor_spawned":[2,4,6,16,19,20,22,27,28,33,36,41,46,48,54],"killed_by":"The Heart","ascension_level":0}