{"gold_per_floor":[113,113,63,29,40,75,75,93,119,119,129,140,140,174,174,272,272,284,284,297,154,174,174,189,189,214,19,35,35,35,49,49,153,153,165,165,14,64,79,79,104,124,124,124,142,67,78,98,98,98,98,98,1,36,36],"floor_reached":55,"playtime":5884,"items_purged":["Feed"],"score":709,"play_id":"ec9e57c7-ee12-4ee4-94d2-442d9c3b1f2b","local_time":"20200420201559","is_ascension_mode":false,"campfire_choices":[{"data":"Metallicize","floor":7.0,"key":"SMITH"},{"data":"Seeing Red","floor":10.0,"key":"SMITH"},{"floor":13.0,"key":"RECALL"},{"floor":15.0,"key":"REST"},{"data":"Flame Barrier","floor":23.0,"key":"SMITH"},{"floor":25.0,"key":"REST"},{"floor":29.0,"key":"REST"},{"floor":32.0,"key":"REST"},{"data":"Apotheosis","floor":40.0,"key":"SMITH"},{"floor":44.0,"key":"REST"},{"data":"Corruption","floor":49.0,"key":"SMITH"},{"data":"Sentinel","floor":52.0,"key":"SMITH"}],"neow_cost":"NONE","seed_source_timestamp":0,"circlet_count":0,"master_deck":["Strike_R","Strike_R+1","Strike_R+1","Strike_R","Defend_R","Defend_R","Defend_R","Defend_R+1","Bash+1","Burning Pact","Metallicize+1","Corruption+1","CurseOfTheBell","Flame Barrier+1","Sentinel+1","Rampage+1","Apotheosis+1","Rampage","Uppercut","Feel No Pain","Reaper","Disarm+1","Impervious+1","Fire Breathing+1","Disarm+1"],"special_seed":0,"relics":["Burning Blood","NeowsBlessing","Lantern","Bronze Scales","Whetstone","Calling Bell","Juzu Bracelet","InkBottle","WingedGreaves","Blood Vial","Bag of Preparation","Mark of Pain","Orichalcum","Dead Branch","Centennial Puzzle","War Paint"],"potions_floor_usage":[55,55],"damage_taken":[{"damage":0.0,"enemies":"Cultist","floor":1.0,"turns":1.0},{"damage":0.0,"enemies":"Small Slimes","floor":5.0,"turns":1.0},{"damage":0.0,"enemies":"Gremlin Nob","floor":6.0,"turns":1.0},{"damage":2.0,"enemies":"Jaw Worm","floor":8.0,"turns":3.0},{"damage":8.0,"enemies":"Gremlin Gang","floor":11.0,"turns":5.0},{"damage":17.0,"enemies":"Exordium Wildlife","floor":12.0,"turns":6.0},{"damage":40.0,"enemies":"Lagavulin","floor":14.0,"turns":7.0},{"damage":52.0,"enemies":"The Guardian","floor":16.0,"turns":13.0},{"damage":11.0,"enemies":"Spheric Guardian","floor":18.0,"turns":5.0},{"damage":14.0,"enemies":"Chosen","floor":20.0,"turns":6.0},{"damage":21.0,"enemies":"Shelled Parasite and Fungi","floor":22.0,"turns":7.0},{"damage":31.0,"enemies":"Centurion and Healer","floor":24.0,"turns":9.0},{"damage":41.0,"enemies":"3 Cultists","floor":28.0,"turns":6.0},{"damage":30.0,"enemies":"Snake Plant","floor":31.0,"turns":4.0},{"damage":58.0,"enemies":"Collector","floor":33.0,"turns":10.0},{"damage":31.0,"enemies":"Orb Walker","floor":35.0,"turns":5.0},{"damage":25.0,"enemies":"Mind Bloom Boss Battle","floor":38.0,"turns":12.0},{"damage":42.0,"enemies":"3 Darklings","floor":39.0,"turns":5.0},{"damage":27.0,"enemies":"Nemesis","floor":41.0,"turns":5.0},{"damage":23.0,"enemies":"4 Shapes","floor":42.0,"turns":5.0},{"damage":4.0,"enemies":"Spire Growth","floor":45.0,"turns":6.0},{"damage":9.0,"enemies":"Transient","floor":47.0,"turns":5.0},{"damage":9.0,"enemies":"Maw","floor":48.0,"turns":7.0},{"damage":31.0,"enemies":"Awakened One","floor":50.0,"turns":11.0},{"damage":19.0,"enemies":"Shield and Spear","floor":54.0,"turns":8.0},{"damage":98,"enemies":"The Heart","floor":55,"turns":9}],"seed_played":"-171124884397419965","potions_obtained":[{"floor":5.0,"key":"SpeedPotion"},{"floor":6.0,"key":"Energy Potion"},{"floor":8.0,"key":"GamblersBrew"},{"floor":12.0,"key":"Strength Potion"},{"floor":16.0,"key":"DuplicationPotion"},{"floor":18.0,"key":"Ancient Potion"},{"floor":22.0,"key":"Strength Potion"},{"floor":35.0,"key":"FearPotion"},{"floor":39.0,"key":"BloodPotion"},{"floor":41.0,"key":"Fire Potion"},{"floor":47.0,"key":"SneckoOil"}],"is_trial":false,"path_per_floor":["M","?","?","$","M","E","R","M","T","R","M","M","R","E","R","B",null,"M","?","M","$","M","R","M","R","T","$","M","R","?","M","R","B",null,"M","?","$","?","M","R","E","M","T","R","M","$","M","M","R","B",null,"R","$","E","B"],"character_chosen":"IRONCLAD","items_purchased":["Burning Pact","Blood Vial","Apotheosis","Orichalcum","HeartOfIron"],"campfire_rested":5,"item_purchase_floors":[4,21,27,37,53],"current_hp_per_floor":[80,80,80,80,80,80,80,80,80,80,78,67,67,33,57,11,80,78,78,70,70,60,60,40,66,66,66,36,63,63,45,73,23,96,71,71,71,63,63,63,45,45,45,73,84,84,83,87,87,71,96,96,96,92,0],"gold":36,"neow_bonus":"THREE_ENEMY_KILL","is_prod":false,"is_daily":false,"chose_seed":false,"campfire_upgraded":6,"win_rate":0,"timestamp":1587442559,"path_taken":["M","?","?","$","M","E","R","?","T","R","M","M","R","E","R","BOSS","M","?","M","$","M","R","M","R","T","$","M","R","?","M","R","BOSS","M","?","$","?","M","R","E","M","T","R","M","$","M","M","R","BOSS","R","$","E","BOSS"],"build_version":"2020-01-27","purchased_purges":1,"victory":false,"max_hp_per_floor":[80,80,80,80,80,80,80,80,80,80,80,80,80,80,80,80,80,83,83,83,83,86,86,89,89,89,89,92,92,92,96,96,96,96,96,96,96,96,96,96,96,96,96,96,96,96,96,96,96,96,96,96,96,96,96],"card_choices":[{"not_picked":["Armaments","Cleave","Carnage"],"picked":"SKIP","floor":1.0},{"not_picked":["Whirlwind","Twin Strike"],"picked":"Seeing Red","floor":5.0},{"not_picked":["Heavy Blade","Battle Trance"],"picked":"Metallicize","floor":6.0},{"not_picked":["Headbutt","Flex","Clothesline"],"picked":"SKIP","floor":8.0},{"not_picked":["Body Slam","Pommel Strike","Clothesline"],"picked":"SKIP","floor":11.0},{"not_picked":["Perfected Strike","Twin Strike","Headbutt"],"picked":"SKIP","floor":12.0},{"not_picked":["Evolve","Reckless Charge"],"picked":"Corruption","floor":14.0},{"not_picked":["Double Tap","Fiend Fire"],"picked":"Feed","floor":16.0},{"not_picked":["Thunderclap","Burning Pact"],"picked":"Flame Barrier","floor":18.0},{"not_picked":["Pommel Strike","Heavy Blade"],"picked":"Sentinel","floor":20.0},{"not_picked":["Seeing Red","Cleave+1"],"picked":"Rampage+1","floor":22.0},{"not_picked":["Clash+1","Shrug It Off","Wild Strike"],"picked":"SKIP","floor":24.0},{"not_picked":["Anger","Perfected Strike"],"picked":"Rampage","floor":28.0},{"not_picked":["Body Slam","Dual Wield"],"picked":"Feel No Pain","floor":31.0},{"not_picked":["Offering","Limit Break"],"picked":"Reaper","floor":33.0},{"not_picked":["Sword Boomerang","Clothesline","Infernal Blade+1"],"picked":"SKIP","floor":35.0},{"not_picked":["Sword Boomerang","Heavy Blade"],"picked":"Disarm+1","floor":38.0},{"not_picked":["Shrug It Off+1","Rage+1","Twin Strike"],"picked":"SKIP","floor":39.0},{"not_picked":["Wild Strike+1","Armaments+1"],"picked":"Impervious","floor":41.0},{"not_picked":["Sword Boomerang+1","Sever Soul+1"],"picked":"Fire Breathing+1","floor":42.0},{"not_picked":["Anger+1","Disarm+1","Bloodletting+1"],"picked":"SKIP","floor":45.0},{"not_picked":["Bloodletting+1","Clothesline+1","Iron Wave+1"],"picked":"SKIP","floor":47.0},{"not_picked":["Flex","Intimidate","Shrug It Off"],"picked":"SKIP","floor":48.0},{"not_picked":["Armaments","True Grit+1"],"picked":"Disarm+1","floor":54.0}],"player_experience":508103,"relics_obtained":[{"floor":6.0,"key":"Lantern"},{"floor":9.0,"key":"Bronze Scales"},{"floor":14.0,"key":"Whetstone"},{"floor":17.0,"key":"Juzu Bracelet"},{"floor":17.0,"key":"InkBottle"},{"floor":17.0,"key":"WingedGreaves"},{"floor":26.0,"key":"Bag of Preparation"},{"floor":38.0,"key":"Dead Branch"},{"floor":41.0,"key":"Centennial Puzzle"},{"floor":54.0,"key":"War Paint"}],"event_choices":[{"damage_healed":0.0,"max_hp_gain":0.0,"max_hp_loss":0.0,"gold_gain":0.0,"event_name":"Living Wall","player_choice":"Grow","floor":2.0,"gold_loss":0.0,"damage_taken":0.0,"cards_upgraded":["Bash"]},{"cards_removed":["Strike_R"],"damage_healed":0.0,"max_hp_gain":0.0,"max_hp_loss":0.0,"gold_gain":0.0,"event_name":"The Cleric","player_choice":"Card Removal","floor":3.0,"gold_loss":50.0,"damage_taken":0.0},{"damage_healed":0.0,"max_hp_gain":0.0,"max_hp_loss":0.0,"gold_gain":0.0,"event_name":"Ghosts","player_choice":"Ignored","floor":19.0,"gold_loss":0.0,"damage_taken":0.0},{"damage_healed":0.0,"max_hp_gain":0.0,"max_hp_loss":0.0,"gold_gain":0.0,"event_name":"The Library","player_choice":"Read","floor":30.0,"gold_loss":0.0,"damage_taken":0.0,"cards_obtained":["Uppercut"]},{"cards_removed":["Seeing Red"],"damage_healed":0.0,"max_hp_gain":0.0,"max_hp_loss":0.0,"gold_gain":0.0,"event_name":"Falling","player_choice":"Removed Skill","floor":36.0,"gold_loss":0.0,"damage_taken":0.0},{"damage_healed":0.0,"max_hp_gain":0.0,"max_hp_loss":0.0,"gold_gain":0.0,"event_name":"MindBloom","player_choice":"Fight","floor":38.0,"gold_loss":0.0,"damage_taken":0.0}],"is_beta":false,"boss_relics":[{"not_picked":["Runic Pyramid","Cursed Key"],"picked":"Calling Bell"},{"not_picked":["Astrolabe","Pandora\u0027s Box"],"picked":"Mark of Pain"}],"items_purged_floors":[46],"is_endless":false,"potions_floor_spawned":[5,6,8,12,16,18,22,35,39,41,47],"killed_by":"The Heart","ascension_level":0}