{"gold_per_floor":[117,132,144,144,69,69,100,100,100,110,122,141,152,482,482,577,577,590,590,603,613,203,203,236,236,289,289,315,334,367,381,381,480,480,492,505,31,44,62,94,94,113,158,158,168,168,213,0,0,0,0,0,0,29,29],"floor_reached":55,"playtime":5670,"items_purged":["Pain","Strike_R","Strike_R"],"score":771,"play_id":"65c2f8db-b0c2-4223-9419-f01183a1c81a","local_time":"20200426173008","is_ascension_mode":false,"campfire_choices":[{"data":"Blood for Blood","floor":6.0,"key":"SMITH"},{"data":"True Grit","floor":8.0,"key":"SMITH"},{"data":"Entrench","floor":15.0,"key":"SMITH"},{"data":"Dark Embrace","floor":23.0,"key":"SMITH"},{"data":"Shockwave","floor":25.0,"key":"SMITH"},{"data":"Fiend Fire","floor":27.0,"key":"SMITH"},{"data":"Pommel Strike","floor":32.0,"key":"SMITH"},{"floor":41.0,"key":"RECALL"},{"data":"Dual Wield","floor":44.0,"key":"SMITH"},{"data":"Ghostly","floor":49.0,"key":"SMITH"},{"data":"Ghostly","floor":52.0,"key":"SMITH"}],"neow_cost":"NONE","seed_source_timestamp":4511760479307488,"circlet_count":0,"master_deck":["Strike_R","Strike_R","Defend_R","Defend_R","Defend_R","Defend_R","Bash+1","Blood for Blood+1","True Grit+1","Entrench+1","Dark Embrace+1","Shrug It Off","Fiend Fire+1","Dual Wield+1","Ghostly+1","Ghostly","Ghostly","Ghostly+1","Ghostly","Metallicize+1","Shockwave+1","Pommel Strike+1","Feel No Pain+1","Juggernaut+1","Uppercut+1","Inflame+1"],"special_seed":0,"relics":["Burning Blood","WarpedTongs","Mummified Hand","The Courier","Old Coin","Velvet Choker","Frozen Egg 2","Matryoshka","Eternal Feather","Vajra","Boot","Potion Belt","Busted Crown","Bird Faced Urn","Bag of Marbles","Bottled Flame","Prayer Wheel","Red Mask","Torii"],"potions_floor_usage":[55,55],"damage_taken":[{"damage":6.0,"enemies":"Jaw Worm","floor":1.0,"turns":3.0},{"damage":1.0,"enemies":"Cultist","floor":2.0,"turns":3.0},{"damage":12.0,"enemies":"Small Slimes","floor":3.0,"turns":4.0},{"damage":27.0,"enemies":"Gremlin Nob","floor":7.0,"turns":4.0},{"damage":3.0,"enemies":"3 Louse","floor":10.0,"turns":3.0},{"damage":4.0,"enemies":"Blue Slaver","floor":11.0,"turns":3.0},{"damage":28.0,"enemies":"Exordium Thugs","floor":12.0,"turns":5.0},{"damage":3.0,"enemies":"Looter","floor":13.0,"turns":4.0},{"damage":3.0,"enemies":"3 Sentries","floor":14.0,"turns":10.0},{"damage":54.0,"enemies":"Slime Boss","floor":16.0,"turns":12.0},{"damage":4.0,"enemies":"Shell Parasite","floor":18.0,"turns":5.0},{"damage":3.0,"enemies":"Chosen","floor":20.0,"turns":5.0},{"damage":5.0,"enemies":"3 Cultists","floor":21.0,"turns":8.0},{"damage":4.0,"enemies":"Gremlin Leader","floor":24.0,"turns":7.0},{"damage":9.0,"enemies":"Book of Stabbing","floor":28.0,"turns":9.0},{"damage":9.0,"enemies":"Centurion and Healer","floor":29.0,"turns":8.0},{"damage":17.0,"enemies":"Slavers","floor":30.0,"turns":8.0},{"damage":3.0,"enemies":"Snake Plant","floor":31.0,"turns":4.0},{"damage":10.0,"enemies":"Champ","floor":33.0,"turns":14.0},{"damage":8.0,"enemies":"3 Darklings","floor":35.0,"turns":5.0},{"damage":2.0,"enemies":"Orb Walker","floor":36.0,"turns":4.0},{"damage":8.0,"enemies":"3 Darklings","floor":38.0,"turns":5.0},{"damage":14.0,"enemies":"Jaw Worm Horde","floor":39.0,"turns":5.0},{"damage":5.0,"enemies":"Reptomancer","floor":40.0,"turns":6.0},{"damage":16.0,"enemies":"4 Shapes","floor":42.0,"turns":7.0},{"damage":0.0,"enemies":"Spire Growth","floor":45.0,"turns":5.0},{"damage":20.0,"enemies":"2 Orb Walkers","floor":47.0,"turns":6.0},{"damage":39.0,"enemies":"Awakened One","floor":50.0,"turns":14.0},{"damage":22.0,"enemies":"Shield and Spear","floor":54.0,"turns":8.0},{"damage":47,"enemies":"The Heart","floor":55,"turns":8}],"seed_played":"4004882063547598938","potions_obtained":[{"floor":1.0,"key":"HeartOfIron"},{"floor":10.0,"key":"EssenceOfSteel"},{"floor":12.0,"key":"Regen Potion"},{"floor":18.0,"key":"DuplicationPotion"},{"floor":21.0,"key":"ElixirPotion"},{"floor":30.0,"key":"LiquidBronze"},{"floor":31.0,"key":"SpeedPotion"},{"floor":33.0,"key":"SteroidPotion"},{"floor":36.0,"key":"SteroidPotion"},{"floor":38.0,"key":"EssenceOfSteel"}],"is_trial":false,"path_per_floor":["M","M","M","?","$","R","E","R","T","M","M","M","M","E","R","B",null,"M","?","M","M","$","R","E","R","T","R","E","M","E","M","R","B",null,"M","M","$","M","M","E","R","M","T","R","M","?","?","?","R","B",null,"R","$","E","B"],"character_chosen":"IRONCLAD","items_purchased":["Frozen Egg 2","Fruit Juice","Metallicize+1","CultistPotion","Inflame+1","Bird Faced Urn"],"campfire_rested":0,"item_purchase_floors":[22,22,22,37,37,37],"current_hp_per_floor":[80,80,74,74,74,74,53,53,53,56,58,36,39,57,57,9,80,80,40,40,40,45,45,45,45,45,45,42,39,28,31,45,41,45,43,45,45,45,40,45,45,39,39,45,45,45,37,37,45,20,45,45,45,33,0],"gold":29,"neow_bonus":"UPGRADE_CARD","is_prod":false,"is_daily":false,"chose_seed":false,"campfire_upgraded":10,"win_rate":0,"timestamp":1587951008,"path_taken":["M","M","M","?","$","R","E","R","T","M","?","M","M","E","R","BOSS","M","?","M","M","$","R","E","R","T","R","E","M","E","M","R","BOSS","M","M","$","M","M","E","R","M","T","R","M","?","?","?","R","BOSS","R","$","E","BOSS"],"build_version":"2020-01-27","purchased_purges":3,"victory":false,"max_hp_per_floor":[80,80,80,80,80,80,80,80,80,80,80,80,80,80,80,80,80,80,40,40,40,45,45,45,45,45,45,45,45,45,45,45,45,45,45,45,45,45,45,45,45,45,45,45,45,45,45,45,45,45,45,45,45,45,45],"card_choices":[{"not_picked":["Evolve","Pommel Strike","True Grit"],"picked":"SKIP","floor":1.0},{"not_picked":["Dark Embrace","Cleave"],"picked":"Blood for Blood","floor":2.0},{"not_picked":["Armaments","Whirlwind","Carnage"],"picked":"SKIP","floor":3.0},{"not_picked":["Flex","Battle Trance"],"picked":"True Grit","floor":7.0},{"not_picked":["Havoc","Shrug It Off","Ghostly Armor"],"picked":"SKIP","floor":10.0},{"not_picked":["Heavy Blade","Thunderclap"],"picked":"Entrench","floor":11.0},{"not_picked":["Body Slam","Headbutt","Flex"],"picked":"SKIP","floor":12.0},{"not_picked":["Twin Strike","Reckless Charge"],"picked":"Dark Embrace","floor":13.0},{"not_picked":["Searing Blow","Flex"],"picked":"Shrug It Off","floor":14.0},{"not_picked":["Feed","Reaper"],"picked":"Fiend Fire","floor":16.0},{"not_picked":["Hemokinesis","Sword Boomerang"],"picked":"Dual Wield","floor":18.0},{"not_picked":["Sentinel","Rampage+1","Spot Weakness"],"picked":"SKIP","floor":20.0},{"not_picked":["Armaments","Searing Blow+1","Pommel Strike"],"picked":"SKIP","floor":21.0},{"not_picked":["Heavy Blade","Dark Embrace+1"],"picked":"Shockwave","floor":24.0},{"not_picked":["Wild Strike","Dark Embrace+1"],"picked":"Pommel Strike","floor":28.0},{"not_picked":["Carnage+1","True Grit+1","Twin Strike"],"picked":"SKIP","floor":29.0},{"not_picked":["Body Slam","Double Tap"],"picked":"Feel No Pain+1","floor":30.0},{"not_picked":["Iron Wave","Power Through","Perfected Strike+1"],"picked":"SKIP","floor":31.0},{"not_picked":["Corruption+1","Offering"],"picked":"Juggernaut+1","floor":33.0},{"not_picked":["Iron Wave"],"picked":"SKIP","floor":35.0},{"not_picked":[],"picked":"Uppercut+1","floor":36.0},{"not_picked":["Uppercut"],"picked":"SKIP","floor":38.0},{"not_picked":["Shrug It Off"],"picked":"SKIP","floor":39.0},{"not_picked":["Havoc+1"],"picked":"SKIP","floor":40.0},{"not_picked":["Whirlwind+1"],"picked":"SKIP","floor":42.0},{"not_picked":["Armaments+1"],"picked":"SKIP","floor":45.0},{"not_picked":["Sentinel+1"],"picked":"SKIP","floor":54.0}],"player_experience":550308,"relics_obtained":[{"floor":7.0,"key":"Mummified Hand"},{"floor":9.0,"key":"The Courier"},{"floor":14.0,"key":"Old Coin"},{"floor":24.0,"key":"Matryoshka"},{"floor":26.0,"key":"Eternal Feather"},{"floor":26.0,"key":"Vajra"},{"floor":28.0,"key":"Boot"},{"floor":30.0,"key":"Potion Belt"},{"floor":40.0,"key":"Bag of Marbles"},{"floor":43.0,"key":"Bottled Flame"},{"floor":47.0,"key":"Prayer Wheel"},{"floor":54.0,"key":"Torii"}],"event_choices":[{"damage_healed":0.0,"max_hp_gain":0.0,"max_hp_loss":0.0,"gold_gain":0.0,"event_name":"Accursed Blacksmith","player_choice":"Rummage","floor":4.0,"gold_loss":0.0,"damage_taken":0.0,"relics_obtained":["WarpedTongs"],"cards_obtained":["Pain"]},{"damage_healed":0.0,"max_hp_gain":0.0,"max_hp_loss":40.0,"gold_gain":0.0,"event_name":"Ghosts","player_choice":"Became a Ghost","floor":19.0,"gold_loss":0.0,"damage_taken":0.0,"cards_obtained":["Ghostly","Ghostly","Ghostly","Ghostly","Ghostly"]},{"cards_removed":["Strike_R"],"damage_healed":0.0,"max_hp_gain":0.0,"max_hp_loss":0.0,"gold_gain":0.0,"event_name":"Falling","player_choice":"Removed Attack","floor":46.0,"gold_loss":0.0,"damage_taken":0.0},{"damage_healed":0.0,"max_hp_gain":0.0,"max_hp_loss":0.0,"gold_gain":0.0,"event_name":"Mysterious Sphere","player_choice":"Fight","floor":47.0,"gold_loss":0.0,"damage_taken":0.0},{"damage_healed":0.0,"max_hp_gain":0.0,"max_hp_loss":0.0,"gold_gain":0.0,"event_name":"Tomb of Lord Red Mask","player_choice":"Paid","floor":48.0,"gold_loss":213.0,"damage_taken":0.0,"relics_obtained":["Red Mask"]}],"is_beta":false,"boss_relics":[{"not_picked":["Runic Cube","Mark of Pain"],"picked":"Velvet Choker"},{"not_picked":["Runic Dome","Black Blood"],"picked":"Busted Crown"}],"items_purged_floors":[5,22,37],"is_endless":false,"potions_floor_spawned":[1,10,12,18,21,30,31,33,36,38],"killed_by":"The Heart","ascension_level":0}