{"gold_per_floor":[118,135,153,78,88,118,118,39,66,84,84,97,116,130,130,130],"floor_reached":16,"playtime":944,"items_purged":["Strike_R"],"score":106,"play_id":"8cbbbbda-b109-4dd1-bd68-00753d21fdfa","local_time":"20200422095944","is_ascension_mode":false,"campfire_choices":[{"data":"Entrench","floor":7,"key":"SMITH"},{"floor":15,"key":"REST"}],"neow_cost":"NONE","seed_source_timestamp":4145632146869743,"circlet_count":0,"master_deck":["Strike_R","Strike_R","Strike_R","Defend_R","Defend_R","Defend_R","Defend_R","Bash+1","Uppercut","Uppercut","Entrench+1","Metallicize","Shrug It Off"],"relics":["Burning Blood","Smiling Mask","Bag of Marbles"],"potions_floor_usage":[6,16,16],"damage_taken":[{"damage":5,"enemies":"Cultist","floor":1,"turns":4},{"damage":11,"enemies":"Jaw Worm","floor":2,"turns":2},{"damage":1,"enemies":"Small Slimes","floor":3,"turns":3},{"damage":12,"enemies":"3 Louse","floor":5,"turns":6},{"damage":65,"enemies":"Lagavulin","floor":6,"turns":11},{"damage":6,"enemies":"2 Fungi Beasts","floor":10,"turns":5},{"damage":20,"enemies":"Gremlin Gang","floor":12,"turns":6},{"damage":2,"enemies":"3 Louse","floor":13,"turns":4},{"damage":6,"enemies":"Blue Slaver","floor":14,"turns":5},{"damage":48,"enemies":"Hexaghost","floor":16,"turns":14}],"seed_played":"4828523393226055111","potions_obtained":[{"floor":2,"key":"BloodPotion"},{"floor":13,"key":"Block Potion"},{"floor":14,"key":"Block Potion"}],"is_trial":false,"path_per_floor":["M","M","M","$","M","E","R","$","T","M","?","M","M","M","R","B"],"character_chosen":"IRONCLAD","items_purchased":["Metallicize"],"campfire_rested":1,"item_purchase_floors":[8],"current_hp_per_floor":[80,75,80,80,74,31,31,31,31,31,31,17,21,21,45,0],"gold":130,"neow_bonus":"UPGRADE_CARD","is_prod":false,"is_daily":false,"chose_seed":false,"campfire_upgraded":1,"win_rate":0,"timestamp":1587578384,"path_taken":["M","M","M","?","M","E","R","$","T","?","?","?","M","M","R","BOSS"],"build_version":"2020-01-27","purchased_purges":1,"victory":false,"max_hp_per_floor":[80,80,80,80,80,80,80,80,80,80,80,80,80,80,80,80],"card_choices":[{"not_picked":["Iron Wave","Dark Embrace","Clothesline"],"picked":"SKIP","floor":1},{"not_picked":["Clash","Dual Wield"],"picked":"Uppercut","floor":2},{"not_picked":["Clothesline","Shrug It Off"],"picked":"Uppercut","floor":3},{"not_picked":["Sentinel","Anger"],"picked":"Entrench","floor":5},{"not_picked":["Berserk","Cleave","Perfected Strike"],"picked":"SKIP","floor":6},{"not_picked":["Intimidate","Clash","Sword Boomerang"],"picked":"SKIP","floor":10},{"not_picked":["Rage","Pummel"],"picked":"Shrug It Off","floor":12},{"not_picked":["Headbutt","Intimidate","True Grit"],"picked":"SKIP","floor":13},{"not_picked":["Sentinel","Iron Wave","Cleave"],"picked":"SKIP","floor":14}],"player_experience":529830,"relics_obtained":[{"floor":6,"key":"Smiling Mask"},{"floor":9,"key":"Bag of Marbles"}],"event_choices":[{"cards_removed":["Strike_R"],"damage_healed":0,"gold_gain":0,"player_choice":"Card Removal","damage_taken":0,"max_hp_gain":0,"max_hp_loss":0,"event_name":"Wheel of Change","floor":11,"gold_loss":0}],"is_beta":false,"boss_relics":[],"items_purged_floors":[4],"is_endless":false,"potions_floor_spawned":[2,13,14],"killed_by":"Hexaghost","ascension_level":0}