{"gold_per_floor":[116,116,131,145,156,156,187,204,204,218,253,253,28,45,45,149,149,164,164,132,132,152,152,52,52,52,71,71,71,171,183,183,183],"floor_reached":33,"playtime":2837,"items_purged":["Strike_R","Strike_R"],"score":259,"play_id":"0b801fd7-48f6-4aca-a4d9-ce74610d04fc","local_time":"20200416195729","is_ascension_mode":false,"campfire_choices":[{"data":"Searing Blow","floor":6.0,"key":"SMITH"},{"data":"Searing Blow+1","floor":12.0,"key":"SMITH"},{"data":"Bash","floor":15.0,"key":"SMITH"},{"data":"Entrench","floor":23.0,"key":"SMITH"},{"data":"Searing Blow+2","floor":25.0,"key":"SMITH"},{"data":"Fiend Fire","floor":28.0,"key":"SMITH"},{"floor":32.0,"key":"REST"}],"neow_cost":"NONE","seed_source_timestamp":3660970599457641,"circlet_count":0,"master_deck":["Strike_R","Strike_R","Defend_R","Defend_R","Defend_R","Defend_R","Bash+1","Armaments+1","Searing Blow+3","Dual Wield","Fiend Fire+1","Entrench+1","Disarm","Clothesline"],"special_seed":0,"relics":["Burning Blood","Bottled Lightning","Pear","TungstenRod","HandDrill","Velvet Choker","Self Forming Clay","Ice Cream","Sundial"],"potions_floor_usage":[33],"damage_taken":[{"damage":0.0,"enemies":"Small Slimes","floor":1.0,"turns":3.0},{"damage":1.0,"enemies":"Cultist","floor":3.0,"turns":3.0},{"damage":6.0,"enemies":"Jaw Worm","floor":4.0,"turns":3.0},{"damage":5.0,"enemies":"2 Fungi Beasts","floor":5.0,"turns":5.0},{"damage":23.0,"enemies":"3 Sentries","floor":7.0,"turns":12.0},{"damage":23.0,"enemies":"Gremlin Gang","floor":8.0,"turns":6.0},{"damage":4.0,"enemies":"3 Louse","floor":10.0,"turns":4.0},{"damage":32.0,"enemies":"Lagavulin","floor":11.0,"turns":8.0},{"damage":4.0,"enemies":"Looter","floor":14.0,"turns":4.0},{"damage":35.0,"enemies":"Slime Boss","floor":16.0,"turns":10.0},{"damage":0.0,"enemies":"Chosen","floor":18.0,"turns":4.0},{"damage":23.0,"enemies":"2 Thieves","floor":20.0,"turns":5.0},{"damage":12.0,"enemies":"Snake Plant","floor":22.0,"turns":2.0},{"damage":22.0,"enemies":"Centurion and Healer","floor":27.0,"turns":6.0},{"damage":16.0,"enemies":"Colosseum Slavers","floor":30.0,"turns":4.0},{"damage":20.0,"enemies":"Colosseum Nobs","floor":30.0,"turns":5.0},{"damage":12.0,"enemies":"3 Cultists","floor":31.0,"turns":8.0},{"damage":48,"enemies":"Automaton","floor":33,"turns":6}],"seed_played":"5224247688552627276","potions_obtained":[{"floor":1.0,"key":"EntropicBrew"},{"floor":3.0,"key":"Block Potion"},{"floor":10.0,"key":"Ancient Potion"},{"floor":11.0,"key":"SkillPotion"},{"floor":14.0,"key":"LiquidBronze"},{"floor":18.0,"key":"Ancient Potion"},{"floor":20.0,"key":"Swift Potion"}],"is_trial":false,"path_per_floor":["M","?","M","M","M","R","E","M","T","M","E","R","$","M","R","B",null,"M","?","M","?","M","R","$","R","T","M","R","?","?","M","R","B"],"character_chosen":"IRONCLAD","items_purchased":["HandDrill"],"campfire_rested":1,"item_purchase_floors":[13],"current_hp_per_floor":[80,80,80,80,80,80,63,62,72,74,48,48,48,50,50,21,90,90,90,73,73,67,67,67,67,67,51,51,51,27,21,48,0],"gold":183,"neow_bonus":"THREE_CARDS","is_prod":false,"is_daily":false,"chose_seed":false,"campfire_upgraded":6,"win_rate":0,"timestamp":1587095849,"path_taken":["M","?","M","M","M","R","E","?","T","M","E","R","$","M","R","BOSS","M","?","M","?","?","R","$","R","T","M","R","?","?","M","R","BOSS"],"build_version":"2020-01-27","purchased_purges":2,"victory":false,"max_hp_per_floor":[80,80,80,80,80,80,80,80,90,90,90,90,90,90,90,90,90,90,90,90,90,90,90,90,90,90,90,90,90,90,90,90,90],"card_choices":[{"not_picked":["Clothesline","True Grit"],"picked":"Armaments","floor":0.0},{"not_picked":["Evolve","Iron Wave","Armaments"],"picked":"SKIP","floor":1.0},{"not_picked":["Feel No Pain","Warcry"],"picked":"Searing Blow","floor":3.0},{"not_picked":["Headbutt","Sever Soul","Dark Embrace"],"picked":"SKIP","floor":4.0},{"not_picked":["Blood for Blood","Spot Weakness","Havoc"],"picked":"SKIP","floor":5.0},{"not_picked":["Rage","Shrug It Off"],"picked":"Dual Wield","floor":7.0},{"not_picked":["Shrug It Off","Flex","Blood for Blood"],"picked":"SKIP","floor":8.0},{"not_picked":["Perfected Strike","Pummel","Iron Wave"],"picked":"SKIP","floor":10.0},{"not_picked":["Body Slam","Second Wind","Sword Boomerang"],"picked":"SKIP","floor":11.0},{"not_picked":["Warcry","Hemokinesis","Sever Soul"],"picked":"SKIP","floor":14.0},{"not_picked":["Double Tap","Feed"],"picked":"Fiend Fire","floor":16.0},{"not_picked":["Dark Embrace","Twin Strike"],"picked":"Entrench","floor":18.0},{"not_picked":["True Grit+1","Wild Strike+1","Twin Strike"],"picked":"SKIP","floor":20.0},{"not_picked":["Pummel+1","Armaments","Hemokinesis"],"picked":"SKIP","floor":22.0},{"not_picked":["Twin Strike","Clash","Thunderclap"],"picked":"SKIP","floor":27.0},{"not_picked":["Flex+1","Shrug It Off"],"picked":"Clothesline","floor":30.0},{"not_picked":["Carnage","Armaments","Pommel Strike"],"picked":"SKIP","floor":31.0}],"player_experience":493783,"relics_obtained":[{"floor":7.0,"key":"Bottled Lightning"},{"floor":9.0,"key":"Pear"},{"floor":11.0,"key":"TungstenRod"},{"floor":26.0,"key":"Self Forming Clay"},{"floor":30.0,"key":"Ice Cream"},{"floor":30.0,"key":"Sundial"}],"event_choices":[{"damage_healed":0.0,"max_hp_gain":0.0,"max_hp_loss":0.0,"gold_gain":0.0,"event_name":"Accursed Blacksmith","player_choice":"Forge","floor":2.0,"gold_loss":0.0,"damage_taken":0.0,"cards_upgraded":["Armaments"]},{"damage_healed":0.0,"max_hp_gain":0.0,"max_hp_loss":0.0,"gold_gain":0.0,"event_name":"Ghosts","player_choice":"Ignored","floor":19.0,"gold_loss":0.0,"damage_taken":0.0},{"cards_removed":["Strike_R"],"damage_healed":0.0,"max_hp_gain":0.0,"max_hp_loss":0.0,"gold_gain":0.0,"event_name":"Bonfire Elementals","player_choice":"Offered Basic","floor":21.0,"gold_loss":0.0,"damage_taken":0.0},{"damage_healed":0.0,"max_hp_gain":0.0,"max_hp_loss":0.0,"gold_gain":0.0,"event_name":"The Library","player_choice":"Read","floor":29.0,"gold_loss":0.0,"damage_taken":0.0,"cards_obtained":["Disarm"]},{"damage_healed":0.0,"max_hp_gain":0.0,"max_hp_loss":0.0,"gold_gain":0.0,"event_name":"Colosseum","player_choice":"Fight","floor":30.0,"gold_loss":0.0,"damage_taken":0.0},{"damage_healed":0.0,"max_hp_gain":0.0,"max_hp_loss":0.0,"gold_gain":0.0,"event_name":"Colosseum","player_choice":"Fought Nobs","floor":30.0,"gold_loss":0.0,"damage_taken":0.0}],"is_beta":false,"boss_relics":[{"not_picked":["Black Star","Coffee Dripper"],"picked":"Velvet Choker"}],"items_purged_floors":[13,24],"is_endless":false,"potions_floor_spawned":[1,3,10,11,14,18,20],"killed_by":"Automaton","ascension_level":0}