{"gold_per_floor":[117,128,138,148,158,158,158,158,206,206,206,192,220,220,220,321,321,331,348,54,54,16,16,30,30,56,67,67,67],"floor_reached":29,"playtime":1906,"items_purged":[],"score":225,"play_id":"a40e5eab-2585-42d8-896b-1a6e5e6fec6f","local_time":"20200416190720","is_ascension_mode":false,"campfire_choices":[{"data":"Bash","floor":6.0,"key":"SMITH"},{"data":"Offering","floor":8.0,"key":"SMITH"},{"floor":15.0,"key":"REST"},{"floor":23.0,"key":"REST"},{"data":"Searing Blow+1","floor":25.0,"key":"SMITH"}],"neow_cost":"NONE","seed_source_timestamp":3658928687245538,"circlet_count":0,"master_deck":["Strike_R+1","Strike_R","Strike_R+1","Strike_R","Defend_R","Defend_R","Defend_R","Defend_R","Bash+1","Offering+1","Reaper","Searing Blow+2","Impervious","Demon Form","Metallicize","Rupture"],"special_seed":0,"relics":["Burning Blood","Blood Vial","Self Forming Clay","SacredBark","Lantern"],"potions_floor_usage":[29],"damage_taken":[{"damage":6.0,"enemies":"2 Louse","floor":1.0,"turns":2.0},{"damage":6.0,"enemies":"Small Slimes","floor":2.0,"turns":2.0},{"damage":6.0,"enemies":"Cultist","floor":3.0,"turns":3.0},{"damage":10.0,"enemies":"2 Fungi Beasts","floor":4.0,"turns":3.0},{"damage":13.0,"enemies":"3 Louse","floor":5.0,"turns":3.0},{"damage":13.0,"enemies":"Exordium Thugs","floor":12.0,"turns":4.0},{"damage":22.0,"enemies":"Gremlin Nob","floor":13.0,"turns":3.0},{"damage":64.0,"enemies":"The Guardian","floor":16.0,"turns":13.0},{"damage":11.0,"enemies":"Chosen","floor":18.0,"turns":4.0},{"damage":48.0,"enemies":"Shell Parasite","floor":19.0,"turns":8.0},{"damage":31.0,"enemies":"Shelled Parasite and Fungi","floor":24.0,"turns":6.0},{"damage":23.0,"enemies":"Cultist and Chosen","floor":27.0,"turns":7.0},{"damage":44,"enemies":"Colosseum Slavers","floor":29,"turns":5}],"seed_played":"-4184217535342635900","potions_obtained":[{"floor":2.0,"key":"FearPotion"},{"floor":4.0,"key":"FearPotion"},{"floor":12.0,"key":"Explosive Potion"},{"floor":16.0,"key":"Ancient Potion"},{"floor":18.0,"key":"LiquidMemories"},{"floor":27.0,"key":"LiquidMemories"}],"is_trial":false,"path_per_floor":["M","M","M","M","M","R","?","R","T","?","?","M","E","?","R","B",null,"M","M","$","?","$","R","M","R","T","M","$","?"],"character_chosen":"IRONCLAD","items_purchased":["Demon Form","Lantern","Metallicize"],"campfire_rested":2,"item_purchase_floors":[20,20,22],"current_hp_per_floor":[80,80,80,76,69,69,74,74,74,74,57,52,44,44,69,19,85,80,44,44,28,28,55,32,32,32,29,29,0],"gold":67,"neow_bonus":"ONE_RANDOM_RARE_CARD","is_prod":false,"is_daily":false,"chose_seed":false,"campfire_upgraded":3,"win_rate":0,"timestamp":1587092840,"path_taken":["M","M","M","M","M","R","?","R","T","?","?","M","E","?","R","BOSS","M","M","$","?","$","R","M","R","T","M","$","?"],"build_version":"2020-01-27","purchased_purges":0,"victory":false,"max_hp_per_floor":[80,80,80,80,80,80,85,85,85,85,85,85,85,85,85,85,85,85,85,85,90,90,90,90,90,90,90,90,90],"card_choices":[{"not_picked":["Armaments","True Grit","Body Slam"],"picked":"SKIP","floor":1.0},{"not_picked":["Twin Strike","Body Slam","Shockwave"],"picked":"SKIP","floor":2.0},{"not_picked":["Headbutt","Iron Wave","Sword Boomerang"],"picked":"SKIP","floor":3.0},{"not_picked":["Cleave","Body Slam","Sever Soul"],"picked":"SKIP","floor":4.0},{"not_picked":["Heavy Blade","Havoc","Dual Wield"],"picked":"SKIP","floor":5.0},{"not_picked":["Shrug It Off","Sword Boomerang"],"picked":"Reaper","floor":12.0},{"not_picked":["Headbutt","Clash"],"picked":"Searing Blow","floor":13.0},{"not_picked":["Limit Break","Berserk"],"picked":"Impervious","floor":16.0},{"not_picked":["Armaments","Wild Strike","Anger"],"picked":"SKIP","floor":18.0},{"not_picked":["Cleave+1","Headbutt+1","Pommel Strike"],"picked":"SKIP","floor":19.0},{"not_picked":["Dropkick","Body Slam+1","Inflame+1"],"picked":"SKIP","floor":24.0},{"not_picked":["Disarm+1","Metallicize"],"picked":"Rupture","floor":27.0}],"player_experience":491877,"relics_obtained":[{"floor":9.0,"key":"Blood Vial"},{"floor":13.0,"key":"Self Forming Clay"}],"event_choices":[{"damage_healed":0.0,"max_hp_gain":5.0,"max_hp_loss":0.0,"gold_gain":0.0,"event_name":"Big Fish","player_choice":"Donut","floor":7.0,"gold_loss":0.0,"damage_taken":0.0},{"cards_removed":["Strike_R"],"damage_healed":0.0,"max_hp_gain":0.0,"max_hp_loss":0.0,"gold_gain":0.0,"event_name":"Living Wall","player_choice":"Forget","floor":10.0,"gold_loss":0.0,"damage_taken":0.0},{"damage_healed":0.0,"max_hp_gain":0.0,"max_hp_loss":0.0,"gold_gain":0.0,"event_name":"Shining Light","player_choice":"Entered Light","floor":11.0,"gold_loss":0.0,"damage_taken":17.0,"cards_upgraded":["Strike_R","Strike_R"]},{"damage_healed":0.0,"max_hp_gain":0.0,"max_hp_loss":0.0,"gold_gain":0.0,"event_name":"Upgrade Shrine","player_choice":"Upgraded","floor":14.0,"gold_loss":0.0,"damage_taken":0.0,"cards_upgraded":["Searing Blow"]},{"damage_healed":0.0,"max_hp_gain":5.0,"max_hp_loss":0.0,"gold_gain":0.0,"event_name":"Forgotten Altar","player_choice":"Shed Blood","floor":21.0,"gold_loss":0.0,"damage_taken":21.0},{"damage_healed":0,"gold_gain":0,"player_choice":"Fight","damage_taken":0,"max_hp_gain":0,"max_hp_loss":0,"event_name":"Colosseum","floor":29,"gold_loss":0}],"is_beta":false,"boss_relics":[{"not_picked":["Coffee Dripper","Philosopher\u0027s Stone"],"picked":"SacredBark"}],"items_purged_floors":[],"is_endless":false,"potions_floor_spawned":[2,4,12,16,18,27],"killed_by":"Colosseum Slavers","ascension_level":0}