{"gold_per_floor":[110,110,130,141,158,158,158,158,240,260,276,306,366,366,366,494,494,513,513,537,149,170,214,214,19,319,335,132,132,132,156,156,280,280,294,294,319,319,332,367,383,158,158,174,174,41,56,70,70,70,70,70,2,46,46],"floor_reached":55,"playtime":4476,"items_purged":["Defend_R","Strike_R","Injury"],"score":721,"play_id":"b22b2021-b224-4ead-bfd1-ed366456cdcf","local_time":"20200423173137","is_ascension_mode":false,"campfire_choices":[{"data":"Double Tap","floor":6.0,"key":"SMITH"},{"data":"Disarm","floor":8.0,"key":"SMITH"},{"floor":15.0,"key":"REST"},{"floor":24.0,"key":"RECALL"},{"floor":29.0,"key":"REST"},{"data":"Bludgeon","floor":32.0,"key":"SMITH"},{"floor":45.0,"key":"REST"},{"data":"Uppercut","floor":49.0,"key":"SMITH"},{"data":"Ghostly","floor":52.0,"key":"SMITH"}],"neow_cost":"NONE","seed_source_timestamp":4254864603009641,"circlet_count":0,"master_deck":["Strike_R+1","Strike_R+1","Strike_R+1","Defend_R+1","Defend_R+1","Defend_R+1","Bash+1","Disarm+1","Double Tap+1","Inflame+1","Shrug It Off","Double Tap","Ghostly+1","Ghostly","Ghostly","Ghostly","Feel No Pain","Bludgeon+1","Heavy Blade+1","Flash of Steel+1","Dropkick+1","Entrench+1","Shrug It Off+1","Warcry+1","Blind","Uppercut+1","Dark Embrace"],"special_seed":0,"relics":["Burning Blood","Pantograph","Centennial Puzzle","Smiling Mask","Golden Idol","Busted Crown","Singing Bowl","Darkstone Periapt","Lee\u0027s Waffle","Old Coin","Astrolabe","Strawberry","Strange Spoon","Shuriken"],"potions_floor_usage":[55],"damage_taken":[{"damage":1.0,"enemies":"Cultist","floor":1.0,"turns":4.0},{"damage":0.0,"enemies":"Small Slimes","floor":3.0,"turns":3.0},{"damage":0.0,"enemies":"Jaw Worm","floor":4.0,"turns":5.0},{"damage":8.0,"enemies":"Looter","floor":5.0,"turns":4.0},{"damage":3.0,"enemies":"2 Fungi Beasts","floor":10.0,"turns":4.0},{"damage":7.0,"enemies":"Blue Slaver","floor":11.0,"turns":5.0},{"damage":49.0,"enemies":"3 Sentries","floor":12.0,"turns":9.0},{"damage":15.0,"enemies":"Lagavulin Event","floor":13.0,"turns":5.0},{"damage":36.0,"enemies":"Hexaghost","floor":16.0,"turns":11.0},{"damage":20.0,"enemies":"Spheric Guardian","floor":18.0,"turns":5.0},{"damage":3.0,"enemies":"Shell Parasite","floor":20.0,"turns":8.0},{"damage":7.0,"enemies":"Snecko","floor":22.0,"turns":8.0},{"damage":12.0,"enemies":"Slavers","floor":23.0,"turns":8.0},{"damage":44.0,"enemies":"Sentry and Sphere","floor":27.0,"turns":12.0},{"damage":2.0,"enemies":"Centurion and Healer","floor":31.0,"turns":5.0},{"damage":55.0,"enemies":"Champ","floor":33.0,"turns":11.0},{"damage":1.0,"enemies":"Orb Walker","floor":35.0,"turns":4.0},{"damage":11.0,"enemies":"3 Darklings","floor":37.0,"turns":6.0},{"damage":19.0,"enemies":"Jaw Worm Horde","floor":39.0,"turns":5.0},{"damage":40.0,"enemies":"Nemesis","floor":40.0,"turns":7.0},{"damage":11.0,"enemies":"Sphere and 2 Shapes","floor":41.0,"turns":7.0},{"damage":2.0,"enemies":"Writhing Mass","floor":44.0,"turns":7.0},{"damage":0.0,"enemies":"3 Darklings","floor":47.0,"turns":8.0},{"damage":19.0,"enemies":"Spire Growth","floor":48.0,"turns":5.0},{"damage":62.0,"enemies":"Time Eater","floor":50.0,"turns":13.0},{"damage":39.0,"enemies":"Shield and Spear","floor":54.0,"turns":11.0},{"damage":69,"enemies":"The Heart","floor":55,"turns":8}],"seed_played":"-3658103941582820339","potions_obtained":[{"floor":1.0,"key":"AttackPotion"},{"floor":4.0,"key":"EntropicBrew"},{"floor":10.0,"key":"ElixirPotion"},{"floor":12.0,"key":"Strength Potion"},{"floor":13.0,"key":"LiquidBronze"},{"floor":22.0,"key":"SkillPotion"},{"floor":27.0,"key":"FearPotion"},{"floor":31.0,"key":"EssenceOfSteel"},{"floor":35.0,"key":"PowerPotion"},{"floor":41.0,"key":"Weak Potion"},{"floor":47.0,"key":"ColorlessPotion"}],"is_trial":false,"path_per_floor":["M","$","M","M","M","R","?","R","T","M","M","E","?","?","R","B",null,"M","?","M","$","M","E","R","$","T","M","$","R","?","M","R","B",null,"M","?","M","?","M","E","M","$","T","M","R","$","M","M","R","B",null,"R","$","E","B"],"character_chosen":"IRONCLAD","items_purchased":["Feel No Pain","Singing Bowl","Lee\u0027s Waffle","Bludgeon","Strange Spoon","Blind","Uppercut","BloodPotion","Dark Embrace"],"campfire_rested":3,"item_purchase_floors":[21,21,25,28,42,42,46,46,53],"current_hp_per_floor":[80,80,80,80,78,78,78,78,78,80,79,36,27,27,51,46,80,66,40,40,40,41,37,37,51,51,15,15,30,30,36,36,24,57,59,59,54,54,41,16,11,11,11,17,38,38,46,49,49,18,74,74,74,43,0],"gold":46,"neow_bonus":"UPGRADE_CARD","is_prod":false,"is_daily":false,"chose_seed":false,"campfire_upgraded":5,"win_rate":0,"timestamp":1587691897,"path_taken":["M","$","?","M","M","R","?","R","T","M","M","E","?","?","R","BOSS","M","?","M","$","M","E","R","$","T","M","$","R","?","M","R","BOSS","M","?","M","?","M","E","M","$","T","?","R","$","M","M","R","BOSS","R","$","E","BOSS"],"build_version":"2020-01-27","purchased_purges":3,"victory":false,"max_hp_per_floor":[80,80,80,80,80,80,80,80,80,80,80,80,80,80,80,80,80,80,40,40,40,42,44,44,51,51,53,53,53,53,55,55,57,57,59,59,59,59,59,68,68,68,68,70,70,70,72,74,74,74,74,74,74,76,76],"card_choices":[{"not_picked":["Hemokinesis","Perfected Strike"],"picked":"Disarm","floor":1.0},{"not_picked":["Fire Breathing","Blood for Blood","Whirlwind"],"picked":"SKIP","floor":3.0},{"not_picked":["Thunderclap","Clash","Armaments"],"picked":"SKIP","floor":4.0},{"not_picked":["Perfected Strike","Shrug It Off"],"picked":"Double Tap","floor":5.0},{"not_picked":["Armaments","Cleave"],"picked":"Pummel","floor":10.0},{"not_picked":["Power Through","Shockwave"],"picked":"Inflame","floor":11.0},{"not_picked":["Havoc","Burning Pact"],"picked":"Shrug It Off","floor":12.0},{"not_picked":["Juggernaut","Impervious"],"picked":"Double Tap","floor":16.0},{"not_picked":[],"picked":"Ghostly Armor","floor":18.0},{"not_picked":["Iron Wave"],"picked":"SKIP","floor":20.0},{"not_picked":["Wild Strike"],"picked":"Singing Bowl","floor":22.0},{"not_picked":["Flex"],"picked":"Singing Bowl","floor":23.0},{"not_picked":["Entrench"],"picked":"Singing Bowl","floor":27.0},{"not_picked":["Pommel Strike"],"picked":"Singing Bowl","floor":31.0},{"not_picked":["Reaper"],"picked":"Singing Bowl","floor":33.0},{"not_picked":["Sword Boomerang"],"picked":"Singing Bowl","floor":35.0},{"not_picked":[],"picked":"Entrench+1","floor":37.0},{"not_picked":[],"picked":"Shrug It Off+1","floor":39.0},{"not_picked":["Hemokinesis+1"],"picked":"Singing Bowl","floor":40.0},{"not_picked":[],"picked":"Warcry+1","floor":41.0},{"not_picked":["Reaper"],"picked":"Singing Bowl","floor":44.0},{"not_picked":["Clothesline"],"picked":"Singing Bowl","floor":47.0},{"not_picked":["Armaments+1"],"picked":"Singing Bowl","floor":48.0},{"not_picked":["Perfected Strike"],"picked":"Singing Bowl","floor":54.0}],"player_experience":531956,"relics_obtained":[{"floor":9.0,"key":"Pantograph"},{"floor":12.0,"key":"Centennial Puzzle"},{"floor":13.0,"key":"Smiling Mask"},{"floor":23.0,"key":"Darkstone Periapt"},{"floor":26.0,"key":"Old Coin"},{"floor":40.0,"key":"Strawberry"},{"floor":54.0,"key":"Shuriken"}],"event_choices":[{"cards_removed":["Strike_R"],"damage_healed":0.0,"max_hp_gain":0.0,"max_hp_loss":0.0,"gold_gain":0.0,"event_name":"Living Wall","player_choice":"Forget","floor":7.0,"gold_loss":0.0,"damage_taken":0.0},{"damage_healed":0.0,"max_hp_gain":0.0,"max_hp_loss":0.0,"gold_gain":0.0,"event_name":"Dead Adventurer","player_choice":"Searched \u00271\u0027 times","floor":13.0,"gold_loss":0.0,"damage_taken":0.0},{"damage_healed":0.0,"max_hp_gain":0.0,"max_hp_loss":0.0,"gold_gain":0.0,"event_name":"Golden Idol","player_choice":"Take Wound","floor":14.0,"gold_loss":0.0,"damage_taken":0.0,"relics_obtained":["Golden Idol"],"cards_obtained":["Injury"]},{"damage_healed":0.0,"max_hp_gain":0.0,"max_hp_loss":40.0,"gold_gain":0.0,"event_name":"Ghosts","player_choice":"Became a Ghost","floor":19.0,"gold_loss":0.0,"damage_taken":0.0,"cards_obtained":["Ghostly","Ghostly","Ghostly","Ghostly","Ghostly"]},{"damage_healed":0.0,"max_hp_gain":0.0,"max_hp_loss":0.0,"gold_gain":0.0,"event_name":"Back to Basics","player_choice":"Simplicity","floor":30.0,"gold_loss":0.0,"damage_taken":0.0,"cards_upgraded":["Strike_R","Strike_R","Strike_R","Defend_R","Defend_R","Defend_R"]},{"damage_healed":0.0,"max_hp_gain":0.0,"max_hp_loss":0.0,"gold_gain":0.0,"event_name":"Tomb of Lord Red Mask","player_choice":"Ignored","floor":36.0,"gold_loss":0.0,"damage_taken":0.0},{"damage_healed":0.0,"max_hp_gain":0.0,"max_hp_loss":0.0,"gold_gain":0.0,"event_name":"Accursed Blacksmith","player_choice":"Forge","floor":38.0,"gold_loss":0.0,"damage_taken":0.0,"cards_upgraded":["Inflame"]}],"is_beta":false,"boss_relics":[{"not_picked":["Philosopher\u0027s Stone","Cursed Key"],"picked":"Busted Crown"},{"not_picked":["Empty Cage","Coffee Dripper"],"picked":"Astrolabe"}],"items_purged_floors":[21,25,28],"is_endless":false,"potions_floor_spawned":[1,4,10,12,13,22,27,31,35,41,47],"killed_by":"The Heart","ascension_level":0}