{"gold_per_floor":[110,60,128,148,161,161,180,213,213,213,224,224,251,268,268,370,370,386,396,54,54,67,67,80,80,80,96,96,112,128,146,146,251,251,266,282,282,292,132,160,160,170,170,185,135,45,56,68,68,68],"floor_reached":50,"playtime":4711,"items_purged":["Strike_R","Writhe"],"score":567,"play_id":"4365d865-230e-4a70-a8cf-e5e99b4457b9","local_time":"20200426224245","is_ascension_mode":false,"campfire_choices":[{"data":"Bash","floor":6.0,"key":"SMITH"},{"data":"Barricade","floor":12.0,"key":"SMITH"},{"data":"True Grit","floor":15.0,"key":"SMITH"},{"data":"Fire Breathing","floor":23.0,"key":"SMITH"},{"data":"Brutality","floor":28.0,"key":"SMITH"},{"floor":32.0,"key":"REST"},{"floor":41.0,"key":"REST"},{"floor":49,"key":"REST"}],"neow_cost":"NONE","seed_source_timestamp":0,"circlet_count":0,"master_deck":["Strike_R","Strike_R","Strike_R","Defend_R","Defend_R","Defend_R","Bash+1","Shrug It Off","Fire Breathing+1","Wild Strike","Barricade+1","Burning Pact","Reckless Charge","Burning Pact","True Grit+1","Brutality+1","Reckless Charge+1","Entrench+1","Clothesline","Evolve+1","Ghostly Armor","Fiend Fire","Flame Barrier","Second Wind+1","Flash of Steel","Rupture+1","Impervious"],"special_seed":0,"relics":["Burning Blood","Vajra","Art of War","StoneCalendar","Mark of Pain","ClockworkSouvenir","Sundial","Mercury Hourglass","Cursed Key","Smiling Mask","Pear"],"potions_floor_usage":[47,50],"damage_taken":[{"damage":6.0,"enemies":"Jaw Worm","floor":1.0,"turns":3.0},{"damage":1.0,"enemies":"2 Louse","floor":4.0,"turns":3.0},{"damage":4.0,"enemies":"Cultist","floor":5.0,"turns":5.0},{"damage":14.0,"enemies":"Red Slaver","floor":7.0,"turns":5.0},{"damage":7.0,"enemies":"3 Sentries","floor":8.0,"turns":6.0},{"damage":8.0,"enemies":"3 Louse","floor":11.0,"turns":4.0},{"damage":24.0,"enemies":"Lagavulin","floor":13.0,"turns":6.0},{"damage":14.0,"enemies":"Lots of Slimes","floor":14.0,"turns":5.0},{"damage":0.0,"enemies":"Slime Boss","floor":16.0,"turns":7.0},{"damage":12.0,"enemies":"Shell Parasite","floor":18.0,"turns":6.0},{"damage":9.0,"enemies":"Chosen","floor":19.0,"turns":4.0},{"damage":24.0,"enemies":"3 Cultists","floor":22.0,"turns":6.0},{"damage":17.0,"enemies":"Centurion and Healer","floor":24.0,"turns":7.0},{"damage":11.0,"enemies":"Cultist and Chosen","floor":27.0,"turns":4.0},{"damage":23.0,"enemies":"Sentry and Sphere","floor":29.0,"turns":4.0},{"damage":15.0,"enemies":"Chosen and Byrds","floor":30.0,"turns":6.0},{"damage":22.0,"enemies":"Snake Plant","floor":31.0,"turns":4.0},{"damage":27.0,"enemies":"Collector","floor":33.0,"turns":9.0},{"damage":25.0,"enemies":"3 Darklings","floor":35.0,"turns":4.0},{"damage":6.0,"enemies":"Orb Walker","floor":36.0,"turns":4.0},{"damage":45.0,"enemies":"3 Darklings","floor":38.0,"turns":4.0},{"damage":8.0,"enemies":"Nemesis","floor":40.0,"turns":7.0},{"damage":6.0,"enemies":"Spire Growth","floor":42.0,"turns":5.0},{"damage":51,"enemies":"Transient","floor":44,"turns":5},{"damage":14,"enemies":"3 Darklings","floor":47,"turns":4},{"damage":19,"enemies":"Spire Growth","floor":48,"turns":4},{"damage":66,"enemies":"Donu and Deca","floor":50,"turns":4}],"seed_played":"729677446842252725","potions_obtained":[{"floor":1.0,"key":"HeartOfIron"},{"floor":5.0,"key":"FairyPotion"},{"floor":7.0,"key":"GamblersBrew"},{"floor":13.0,"key":"SkillPotion"},{"floor":16.0,"key":"Block Potion"},{"floor":24.0,"key":"FearPotion"},{"floor":33.0,"key":"AttackPotion"},{"floor":40.0,"key":"Ancient Potion"},{"floor":44,"key":"Swift Potion"},{"floor":48,"key":"Energy Potion"}],"is_trial":false,"path_per_floor":["M","?","T","M","M","R","M","E","T","?","M","R","E","M","R","B",null,"M","M","$","?","M","R","M","?","T","M","R","M","M","M","R","B",null,"M","M","?","M","$","E","R","M","T","M","$","?","M","M","R","B"],"character_chosen":"IRONCLAD","items_purchased":["Reckless Charge","Regen Potion","ClockworkSouvenir","EssenceOfSteel","Flash of Steel"],"campfire_rested":3,"item_purchase_floors":[20,20,20,39,39],"current_hp_per_floor":[88,88,88,88,88,88,80,79,79,79,77,77,59,51,51,57,88,82,79,79,79,61,61,65,65,65,60,60,43,34,18,44,23,88,69,69,69,30,30,28,54,54,64,19,19,19,11,34,63,0],"gold":68,"neow_bonus":"TEN_PERCENT_HP_BONUS","is_prod":false,"is_daily":false,"chose_seed":false,"campfire_upgraded":5,"win_rate":0,"timestamp":1587969765,"path_taken":["M","?","?","M","M","R","M","E","T","?","M","R","E","?","R","BOSS","M","M","$","?","M","R","M","?","T","M","R","M","M","M","R","BOSS","M","M","?","M","$","E","R","?","T","M","$","?","M","?","R","BOSS"],"build_version":"2020-01-27","purchased_purges":2,"victory":false,"max_hp_per_floor":[88,88,88,88,88,88,88,88,88,88,88,88,88,88,88,88,88,88,88,88,88,88,88,88,88,88,88,88,88,88,88,88,88,88,88,88,88,88,88,88,88,88,98,98,98,98,98,98,98,98],"card_choices":[{"not_picked":["Metallicize","Cleave"],"picked":"Shrug It Off","floor":1.0},{"not_picked":["Clash","Disarm"],"picked":"Fire Breathing","floor":4.0},{"not_picked":["Flex","Thunderclap"],"picked":"Wild Strike","floor":5.0},{"not_picked":["Sword Boomerang","Anger"],"picked":"Barricade","floor":7.0},{"not_picked":["Ghostly Armor","Body Slam","Iron Wave"],"picked":"SKIP","floor":8.0},{"not_picked":["Sword Boomerang","Thunderclap"],"picked":"Reckless Charge","floor":11.0},{"not_picked":["Perfected Strike","Clothesline"],"picked":"Burning Pact","floor":13.0},{"not_picked":["Anger","Sword Boomerang"],"picked":"True Grit","floor":14.0},{"not_picked":["Barricade","Double Tap"],"picked":"Brutality","floor":16.0},{"not_picked":["Heavy Blade+1","Pommel Strike","Twin Strike+1"],"picked":"SKIP","floor":18.0},{"not_picked":["Sword Boomerang+1","Clothesline","Havoc"],"picked":"SKIP","floor":19.0},{"not_picked":["Clothesline","Shrug It Off","Warcry"],"picked":"SKIP","floor":22.0},{"not_picked":["Havoc","Barricade"],"picked":"Entrench+1","floor":24.0},{"not_picked":["Flex","Warcry","Combust"],"picked":"SKIP","floor":27.0},{"not_picked":["Dropkick+1","Heavy Blade"],"picked":"Evolve","floor":29.0},{"not_picked":["Cleave","True Grit+1","Burning Pact"],"picked":"SKIP","floor":30.0},{"not_picked":["Warcry","Uppercut"],"picked":"Ghostly Armor","floor":31.0},{"not_picked":["Offering","Exhume"],"picked":"Fiend Fire","floor":33.0},{"not_picked":["Shrug It Off","Twin Strike","Wild Strike+1"],"picked":"SKIP","floor":35.0},{"not_picked":["Flex","Pummel"],"picked":"Flame Barrier","floor":36.0},{"not_picked":["Sword Boomerang","Twin Strike+1"],"picked":"Second Wind+1","floor":38.0},{"not_picked":["Pommel Strike","Clothesline"],"picked":"Rupture+1","floor":40.0},{"not_picked":["Carnage+1","Flame Barrier+1","Shrug It Off"],"picked":"SKIP","floor":42.0},{"not_picked":["Flex+1","Entrench","Pommel Strike"],"picked":"SKIP","floor":44},{"not_picked":["Clash+1","Headbutt","Infernal Blade"],"picked":"SKIP","floor":47},{"not_picked":["Wild Strike+1","Hemokinesis+1"],"picked":"Impervious","floor":48}],"player_experience":555978,"relics_obtained":[{"floor":8.0,"key":"Vajra"},{"floor":9.0,"key":"Art of War"},{"floor":13.0,"key":"StoneCalendar"},{"floor":26.0,"key":"Mercury Hourglass"},{"floor":40.0,"key":"Smiling Mask"},{"floor":43.0,"key":"Pear"}],"event_choices":[{"cards_removed":["Strike_R"],"damage_healed":0.0,"max_hp_gain":0.0,"max_hp_loss":0.0,"gold_gain":0.0,"event_name":"The Cleric","player_choice":"Card Removal","floor":2.0,"gold_loss":50.0,"damage_taken":0.0},{"damage_healed":0.0,"max_hp_gain":0.0,"max_hp_loss":0.0,"gold_gain":0.0,"event_name":"Match and Keep!","player_choice":"1 cards matched","floor":10.0,"gold_loss":0.0,"damage_taken":0.0,"cards_obtained":["Burning Pact"]},{"damage_healed":0.0,"max_hp_gain":0.0,"max_hp_loss":0.0,"gold_gain":0.0,"event_name":"The Mausoleum","player_choice":"Opened","floor":21.0,"gold_loss":0.0,"damage_taken":0.0,"relics_obtained":["Sundial"],"cards_obtained":["Writhe"]},{"damage_healed":0.0,"max_hp_gain":0.0,"max_hp_loss":0.0,"gold_gain":0.0,"cards_transformed":["Defend_R"],"event_name":"Transmorgrifier","player_choice":"Transformed","floor":25.0,"gold_loss":0.0,"damage_taken":0.0,"cards_obtained":["Clothesline"]},{"damage_healed":0.0,"max_hp_gain":0.0,"max_hp_loss":0.0,"gold_gain":0.0,"event_name":"Upgrade Shrine","player_choice":"Upgraded","floor":37.0,"gold_loss":0.0,"damage_taken":0.0,"cards_upgraded":["Evolve"]},{"cards_removed":["Doubt"],"damage_healed":0,"gold_gain":0,"player_choice":"Upgrade and Remove","damage_taken":0,"max_hp_gain":0,"max_hp_loss":0,"event_name":"Designer","floor":46,"gold_loss":90,"cards_upgraded":["Reckless Charge"]}],"is_beta":false,"boss_relics":[{"not_picked":["Runic Dome","Fusion Hammer"],"picked":"Mark of Pain"},{"not_picked":["SlaversCollar","Runic Cube"],"picked":"Cursed Key"}],"items_purged_floors":[20,45],"is_endless":false,"potions_floor_spawned":[1,5,7,13,16,22,24,33,40,44,48],"killed_by":"Donu and Deca","ascension_level":0}