{"gold_per_floor":[114,189,189,204,33,60,60,94,147,147,167,67,82,82,82,187,187,200,115,115,126,140,173,173,98,123,143,143,172,172,187,187,286,286,302,302,317,277,77,77,106,106,106,121,146,161,71,91,91,91,91,91,43,69,69],"floor_reached":56,"playtime":3958,"items_purged":["Shame","Strike_R","Defend_R"],"score":1203,"play_id":"7d4d4fe7-bb6d-491c-b16c-c6738af8fa31","local_time":"20200415233157","is_ascension_mode":false,"campfire_choices":[{"data":"Demon Form","floor":7.0,"key":"SMITH"},{"data":"Metallicize","floor":10.0,"key":"SMITH"},{"floor":15.0,"key":"RECALL"},{"data":"Uppercut","floor":24.0,"key":"SMITH"},{"data":"Dual Wield","floor":28.0,"key":"SMITH"},{"data":"Bandage Up","floor":30.0,"key":"SMITH"},{"data":"Fiend Fire","floor":32.0,"key":"SMITH"},{"data":"Power Through","floor":40.0,"key":"SMITH"},{"data":"Strike_R","floor":42.0,"key":"SMITH"},{"data":"Double Tap","floor":49.0,"key":"SMITH"},{"data":"Defend_R","floor":52.0,"key":"SMITH"}],"neow_cost":"CURSE","seed_source_timestamp":0,"circlet_count":0,"master_deck":["Strike_R+1","Strike_R+1","Defend_R","Defend_R+1","Bash+1","Demon Form+1","Metallicize+1","Bandage Up+1","Fiend Fire+1","Heavy Blade+1","Uppercut+1","Dual Wield+1","Power Through+1","Heavy Blade+1","Double Tap+1"],"special_seed":0,"relics":["Black Blood","Orichalcum","Mango","Pen Nib","PreservedInsect","Velvet Choker","Mercury Hourglass","StoneCalendar","Potion Belt","Question Card","Bag of Marbles","Gremlin Horn","Nunchaku"],"potions_floor_usage":[55,55,55,55],"damage_taken":[{"damage":0.0,"enemies":"2 Louse","floor":1.0,"turns":2.0},{"damage":3.0,"enemies":"Small Slimes","floor":4.0,"turns":5.0},{"damage":27.0,"enemies":"Lagavulin","floor":6.0,"turns":7.0},{"damage":8.0,"enemies":"Gremlin Nob","floor":8.0,"turns":5.0},{"damage":0.0,"enemies":"Cultist","floor":11.0,"turns":4.0},{"damage":4.0,"enemies":"Blue Slaver","floor":13.0,"turns":3.0},{"damage":38.0,"enemies":"Hexaghost","floor":16.0,"turns":6.0},{"damage":20.0,"enemies":"3 Byrds","floor":18.0,"turns":5.0},{"damage":0.0,"enemies":"Shell Parasite","floor":21.0,"turns":3.0},{"damage":10.0,"enemies":"3 Cultists","floor":22.0,"turns":5.0},{"damage":37.0,"enemies":"Gremlin Leader","floor":23.0,"turns":5.0},{"damage":4.0,"enemies":"Chosen and Byrds","floor":27.0,"turns":4.0},{"damage":18.0,"enemies":"Book of Stabbing","floor":29.0,"turns":3.0},{"damage":4.0,"enemies":"Cultist and Chosen","floor":31.0,"turns":4.0},{"damage":55.0,"enemies":"Automaton","floor":33.0,"turns":7.0},{"damage":28.0,"enemies":"3 Darklings","floor":35.0,"turns":7.0},{"damage":5.0,"enemies":"Orb Walker","floor":37.0,"turns":3.0},{"damage":16.0,"enemies":"Giant Head","floor":41.0,"turns":6.0},{"damage":0.0,"enemies":"Transient","floor":44.0,"turns":5.0},{"damage":10.0,"enemies":"Nemesis","floor":45.0,"turns":7.0},{"damage":6.0,"enemies":"Spire Growth","floor":46.0,"turns":4.0},{"damage":6.0,"enemies":"Maw","floor":48.0,"turns":5.0},{"damage":55.0,"enemies":"Donu and Deca","floor":50.0,"turns":7.0},{"damage":23.0,"enemies":"Shield and Spear","floor":54.0,"turns":5.0},{"damage":98,"enemies":"The Heart","floor":55,"turns":9}],"seed_played":"-9184073939275734696","potions_obtained":[{"floor":1.0,"key":"SkillPotion"},{"floor":6.0,"key":"Weak Potion"},{"floor":29.0,"key":"Swift Potion"},{"floor":31.0,"key":"Explosive Potion"},{"floor":33.0,"key":"ColorlessPotion"},{"floor":38.0,"key":"SkillPotion"},{"floor":38.0,"key":"ColorlessPotion"},{"floor":38.0,"key":"Regen Potion"},{"floor":41.0,"key":"Swift Potion"},{"floor":44.0,"key":"PowerPotion"},{"floor":48.0,"key":"ElixirPotion"},{"floor":54.0,"key":"EntropicBrew"}],"is_trial":false,"path_per_floor":["M","?","?","M","$","E","R","E","T","R","M","$","M","?","R","B",null,"M","?","?","M","M","E","R","?","T","M","R","E","R","M","R","B",null,"M","?","M","?","$","R","E","R","T","M","E","M","?","M","R","B",null,"R","$","E","B",null],"character_chosen":"IRONCLAD","items_purchased":["Bandage Up","Power Through","PowerPotion"],"campfire_rested":0,"item_purchase_floors":[5,39,53],"current_hp_per_floor":[80,69,69,72,72,55,55,71,71,71,81,81,87,84,84,56,94,84,84,84,94,90,63,63,63,63,69,69,61,61,69,69,26,94,84,84,94,94,94,94,94,94,94,94,94,94,94,94,94,57,94,94,94,89,20],"gold":69,"neow_bonus":"THREE_RARE_CARDS","is_prod":false,"is_daily":false,"chose_seed":false,"campfire_upgraded":10,"win_rate":0,"timestamp":1587022317,"path_taken":["M","?","?","M","$","E","R","E","T","R","?","$","M","?","R","BOSS","M","?","?","M","M","E","R","?","T","M","R","E","R","M","R","BOSS","M","?","M","?","$","R","E","R","T","?","E","?","?","M","R","BOSS","R","$","E","BOSS"],"build_version":"2020-01-27","purchased_purges":3,"victory":true,"max_hp_per_floor":[80,80,80,80,80,80,80,94,94,94,94,94,94,94,94,94,94,94,94,94,94,94,94,94,94,94,94,94,94,94,94,94,94,94,94,94,94,94,94,94,94,94,94,94,94,94,94,94,94,94,94,94,94,94,94],"card_choices":[{"not_picked":["Feed","Limit Break"],"picked":"Demon Form","floor":0.0},{"not_picked":["Rage","Iron Wave"],"picked":"Metallicize","floor":1.0},{"not_picked":["Spot Weakness","Wild Strike","Battle Trance"],"picked":"SKIP","floor":4.0},{"not_picked":["Sword Boomerang","Armaments","Anger"],"picked":"SKIP","floor":6.0},{"not_picked":["Anger","Iron Wave","Pommel Strike"],"picked":"SKIP","floor":8.0},{"not_picked":["Body Slam","Anger","Shockwave"],"picked":"SKIP","floor":11.0},{"not_picked":["Flex","Evolve","Feel No Pain"],"picked":"SKIP","floor":13.0},{"not_picked":["Brutality","Barricade"],"picked":"Fiend Fire","floor":16.0},{"not_picked":["Body Slam+1","Iron Wave"],"picked":"Heavy Blade+1","floor":18.0},{"not_picked":["Warcry","True Grit+1"],"picked":"Uppercut","floor":21.0},{"not_picked":["Rage","Whirlwind"],"picked":"Dual Wield","floor":22.0},{"not_picked":["Twin Strike","Burning Pact","Clash"],"picked":"SKIP","floor":23.0},{"not_picked":["Cleave","Searing Blow+1","Carnage"],"picked":"SKIP","floor":27.0},{"not_picked":["Feed","Rage","Rupture"],"picked":"SKIP","floor":29.0},{"not_picked":["Searing Blow","Body Slam+1","Warcry"],"picked":"SKIP","floor":31.0},{"not_picked":["Evolve+1","Anger","Pommel Strike"],"picked":"SKIP","floor":35.0},{"not_picked":["Wild Strike","Whirlwind+1","Clash"],"picked":"SKIP","floor":37.0},{"not_picked":["Shrug It Off+1","Second Wind","Demon Form"],"picked":"SKIP","floor":41.0},{"not_picked":["Shrug It Off","Havoc+1","Shockwave","Wild Strike"],"picked":"SKIP","floor":44.0},{"not_picked":["Havoc","Bloodletting+1","Reckless Charge","Wild Strike"],"picked":"SKIP","floor":45.0},{"not_picked":["Cleave","Thunderclap","Iron Wave"],"picked":"Heavy Blade+1","floor":46.0},{"not_picked":["Flex","Body Slam+1","Wild Strike+1"],"picked":"Double Tap","floor":48.0},{"not_picked":["Pummel+1","Reaper","Bloodletting+1","Berserk"],"picked":"SKIP","floor":54.0}],"player_experience":487919,"relics_obtained":[{"floor":6.0,"key":"Orichalcum"},{"floor":8.0,"key":"Mango"},{"floor":9.0,"key":"Pen Nib"},{"floor":23.0,"key":"StoneCalendar"},{"floor":29.0,"key":"Potion Belt"},{"floor":41.0,"key":"Question Card"},{"floor":43.0,"key":"Bag of Marbles"},{"floor":45.0,"key":"Gremlin Horn"},{"floor":54.0,"key":"Nunchaku"}],"event_choices":[{"damage_healed":0.0,"max_hp_gain":0.0,"max_hp_loss":0.0,"gold_gain":75.0,"event_name":"World of Goop","player_choice":"Gather Gold","floor":2.0,"gold_loss":0.0,"damage_taken":11.0},{"damage_healed":0.0,"max_hp_gain":0.0,"max_hp_loss":0.0,"gold_gain":0.0,"event_name":"Upgrade Shrine","player_choice":"Upgraded","floor":3.0,"gold_loss":0.0,"damage_taken":0.0,"cards_upgraded":["Bash"]},{"damage_healed":0.0,"max_hp_gain":0.0,"max_hp_loss":0.0,"gold_gain":0.0,"event_name":"Scrap Ooze","player_choice":"Success","floor":14.0,"gold_loss":0.0,"damage_taken":3.0,"relics_obtained":["PreservedInsect"]},{"damage_healed":0.0,"max_hp_gain":0.0,"max_hp_loss":0.0,"gold_gain":0.0,"event_name":"Addict","player_choice":"Obtained Relic","floor":19.0,"gold_loss":85.0,"damage_taken":0.0,"relics_obtained":["Mercury Hourglass"]},{"damage_healed":0.0,"max_hp_gain":0.0,"max_hp_loss":0.0,"gold_gain":0.0,"event_name":"Vampires","player_choice":"Ignored","floor":20.0,"gold_loss":0.0,"damage_taken":0.0},{"cards_removed":["Strike_R"],"damage_healed":0.0,"max_hp_gain":0.0,"max_hp_loss":0.0,"gold_gain":0.0,"event_name":"Beggar","player_choice":"Gave Gold","floor":25.0,"gold_loss":75.0,"damage_taken":0.0},{"cards_removed":["Strike_R"],"damage_healed":0.0,"max_hp_gain":0.0,"max_hp_loss":0.0,"gold_gain":0.0,"event_name":"Falling","player_choice":"Removed Attack","floor":36.0,"gold_loss":0.0,"damage_taken":0.0},{"damage_healed":0.0,"max_hp_gain":0.0,"max_hp_loss":0.0,"gold_gain":0.0,"event_name":"The Woman in Blue","player_choice":"Bought 3 Potions","floor":38.0,"gold_loss":0.0,"damage_taken":0.0},{"cards_removed":["Defend_R"],"damage_healed":0.0,"max_hp_gain":0.0,"max_hp_loss":0.0,"gold_gain":0.0,"event_name":"Designer","player_choice":"Upgrade and Remove","floor":47.0,"gold_loss":90.0,"damage_taken":0.0,"cards_upgraded":["Strike_R"]}],"is_beta":false,"boss_relics":[{"not_picked":["Astrolabe","Black Star"],"picked":"Velvet Choker"},{"not_picked":["Cursed Key","Calling Bell"],"picked":"Black Blood"}],"items_purged_floors":[5,12,39],"is_endless":false,"potions_floor_spawned":[1,6,29,31,33,41,44,48,54],"ascension_level":0}