{"gold_per_floor":[109,124,124,224,240,240,272,285,285,295,295,78,78,97,97,193,193,204,13,24,36,36,36,53,53,53,81,40,59,75],"floor_reached":30,"playtime":1691,"items_purged":["Strike_R","Strike_R"],"score":234,"play_id":"e9930402-5c2d-4337-a743-6cd2cdc22d57","local_time":"20200427105453","is_ascension_mode":false,"campfire_choices":[{"data":"Bash","floor":6,"key":"SMITH"},{"data":"Carnage","floor":11,"key":"SMITH"},{"data":"Blood for Blood","floor":13,"key":"SMITH"},{"floor":15,"key":"RECALL"},{"data":"Berserk","floor":23,"key":"SMITH"},{"data":"Demon Form","floor":25,"key":"SMITH"}],"neow_cost":"NONE","seed_source_timestamp":4580278762135385,"circlet_count":0,"master_deck":["Strike_R","Strike_R","Strike_R","Defend_R","Defend_R","Defend_R","Bash+1","Carnage+1","Blood for Blood+1","Flame Barrier","Berserk+1","Demon Form+1","Ghostly Armor","Fiend Fire","Flex"],"relics":["Burning Blood","NeowsBlessing","CaptainsWheel","White Beast Statue","The Courier","Lee\u0027s Waffle","Runic Cube","Red Mask"],"potions_floor_usage":[16,20,24,27,27,28,30,30],"damage_taken":[{"damage":0,"enemies":"Cultist","floor":1,"turns":1},{"damage":0,"enemies":"Small Slimes","floor":2,"turns":1},{"damage":0,"enemies":"2 Louse","floor":5,"turns":1},{"damage":36,"enemies":"Lagavulin","floor":7,"turns":6},{"damage":11,"enemies":"2 Fungi Beasts","floor":8,"turns":4},{"damage":0,"enemies":"Exordium Wildlife","floor":10,"turns":3},{"damage":11,"enemies":"Large Slime","floor":14,"turns":5},{"damage":44,"enemies":"Hexaghost","floor":16,"turns":9},{"damage":24,"enemies":"2 Thieves","floor":18,"turns":4},{"damage":7,"enemies":"Spheric Guardian","floor":20,"turns":5},{"damage":21,"enemies":"Snake Plant","floor":21,"turns":4},{"damage":36,"enemies":"Cultist and Chosen","floor":24,"turns":7},{"damage":21,"enemies":"Masked Bandits","floor":27,"turns":7},{"damage":16,"enemies":"Shelled Parasite and Fungi","floor":29,"turns":5},{"damage":25,"enemies":"Sentry and Sphere","floor":30,"turns":6}],"seed_played":"964158435879597401","potions_obtained":[{"floor":8,"key":"GamblersBrew"},{"floor":10,"key":"Fire Potion"},{"floor":14,"key":"Regen Potion"},{"floor":16,"key":"SteroidPotion"},{"floor":18,"key":"BlessingOfTheForge"},{"floor":20,"key":"DistilledChaos"},{"floor":24,"key":"Energy Potion"},{"floor":27,"key":"Dexterity Potion"},{"floor":29,"key":"Strength Potion"},{"floor":30,"key":"Swift Potion"}],"is_trial":false,"path_per_floor":["M","M","T","?","M","R","E","M","T","M","R","$","R","M","R","B",null,"M","$","M","M","?","R","M","R","T","?","$","M","M"],"character_chosen":"IRONCLAD","items_purchased":["Flame Barrier","Lee\u0027s Waffle","Demon Form","BloodPotion"],"campfire_rested":0,"item_purchase_floors":[12,12,19,28],"current_hp_per_floor":[80,80,80,80,80,80,50,45,45,51,51,87,87,82,82,44,87,69,69,82,67,67,67,37,37,37,22,39,29,10],"gold":75,"neow_bonus":"THREE_ENEMY_KILL","is_prod":false,"is_daily":false,"chose_seed":false,"campfire_upgraded":5,"win_rate":0,"timestamp":1588013693,"path_taken":["M","?","?","?","M","R","E","?","T","M","R","$","R","M","R","BOSS","M","$","M","M","?","R","M","R","T","?","?","M","M"],"build_version":"2020-01-27","purchased_purges":2,"victory":false,"max_hp_per_floor":[80,80,80,80,80,80,80,80,80,80,80,87,87,87,87,87,87,87,87,87,87,87,87,87,87,87,87,87,87,87],"card_choices":[{"not_picked":["Perfected Strike","Clash","Thunderclap"],"picked":"SKIP","floor":1},{"not_picked":["Perfected Strike","Clash","Thunderclap"],"picked":"SKIP","floor":1},{"not_picked":["Havoc","Combust","Body Slam"],"picked":"SKIP","floor":2},{"not_picked":["Sword Boomerang","Twin Strike","Reckless Charge"],"picked":"SKIP","floor":5},{"not_picked":["Anger","Cleave","Fire Breathing"],"picked":"SKIP","floor":7},{"not_picked":["Flex","Pummel"],"picked":"Carnage","floor":8},{"not_picked":["Inflame","Armaments"],"picked":"Blood for Blood","floor":10},{"not_picked":["Armaments","Entrench","Sword Boomerang"],"picked":"SKIP","floor":14},{"not_picked":["Brutality","Feed"],"picked":"Berserk","floor":16},{"not_picked":["Havoc","Body Slam"],"picked":"Blood for Blood","floor":18},{"not_picked":["Bloodletting","Inflame"],"picked":"Ghostly Armor","floor":20},{"not_picked":["Carnage","Flex+1","Shrug It Off"],"picked":"SKIP","floor":21},{"not_picked":["Intimidate","Iron Wave","Flex"],"picked":"SKIP","floor":24},{"not_picked":["Searing Blow","Wild Strike","Battle Trance"],"picked":"SKIP","floor":29}],"player_experience":563734,"relics_obtained":[{"floor":3,"key":"CaptainsWheel"},{"floor":7,"key":"White Beast Statue"},{"floor":9,"key":"The Courier"},{"floor":27,"key":"Red Mask"}],"event_choices":[{"damage_healed":0,"gold_gain":100,"player_choice":"Pray","damage_taken":0,"max_hp_gain":0,"max_hp_loss":0,"event_name":"Golden Shrine","floor":4,"gold_loss":0},{"damage_healed":0,"gold_gain":0,"cards_transformed":["Defend_R","Blood for Blood"],"player_choice":"Became Test Subject","damage_taken":0,"max_hp_gain":0,"max_hp_loss":0,"event_name":"Drug Dealer","floor":22,"gold_loss":0,"cards_obtained":["Fiend Fire","Flex"]},{"damage_healed":0,"gold_gain":0,"player_choice":"Fought Bandits","damage_taken":0,"max_hp_gain":0,"max_hp_loss":0,"event_name":"Masked Bandits","floor":27,"gold_loss":0}],"is_beta":false,"boss_relics":[{"not_picked":["Ectoplasm","Snecko Eye"],"picked":"Runic Cube"}],"items_purged_floors":[12,19],"is_endless":false,"potions_floor_spawned":[8,10,14,16,18,20,21,24,27,29,30],"killed_by":"Sentry and Sphere","ascension_level":0}