{"gold_per_floor":[212,69,86,97,97,122,122,139,139,150,166,22,22,35,35,134,134,152,7,7,7,23,54,54,67,90,115,134,134,144,159,159,259,259,276,293,293,311,329,329,341,118,118,136,136,36,52,72,72,72,72,72,4,4],"floor_reached":54,"playtime":4528,"items_purged":["Defend_R","Feel No Pain+1"],"score":662,"play_id":"ff030a7a-e28b-49fe-87bf-9efae4eb714c","local_time":"20200427195142","is_ascension_mode":false,"campfire_choices":[{"data":"Uppercut","floor":7,"key":"SMITH"},{"data":"Bash","floor":13,"key":"SMITH"},{"data":"Shrug It Off","floor":15,"key":"SMITH"},{"floor":24,"key":"REST"},{"floor":29,"key":"REST"},{"data":"Barricade","floor":32,"key":"SMITH"},{"floor":40,"key":"REST"},{"floor":45,"key":"RECALL"},{"data":"Strike_R","floor":49,"key":"SMITH"},{"data":"Strike_R","floor":52,"key":"SMITH"}],"neow_cost":"NONE","seed_source_timestamp":4609648840497231,"circlet_count":0,"master_deck":["Strike_R","Strike_R","Strike_R","Strike_R+1","Strike_R+1","Defend_R","Defend_R","Defend_R","Bash+1","Uppercut+1","Shrug It Off+1","Pommel Strike+1","True Grit+1","Barricade+1","Rage+1","Cleave+1","Rage+1","Second Wind+1","Ghostly Armor+1","Double Tap+1","Iron Wave+1","Shrug It Off+1","Flame Barrier+1","Rampage+1"],"relics":["Burning Blood","Chemical X","Molten Egg 2","Kunai","Toxic Egg 2","Lee\u0027s Waffle","SlaversCollar","Orrery","Boot","Bronze Scales","Regal Pillow","Velvet Choker","Happy Flower"],"potions_floor_usage":[8,10,28,30,31,39,41,50,50,54],"damage_taken":[{"damage":0,"enemies":"2 Louse","floor":1,"turns":2},{"damage":1,"enemies":"Cultist","floor":3,"turns":3},{"damage":7,"enemies":"Small Slimes","floor":4,"turns":3},{"damage":38,"enemies":"3 Sentries","floor":6,"turns":9},{"damage":22,"enemies":"Exordium Thugs","floor":8,"turns":6},{"damage":5,"enemies":"Large Slime","floor":10,"turns":5},{"damage":4,"enemies":"Blue Slaver","floor":11,"turns":2},{"damage":15,"enemies":"Lots of Slimes","floor":14,"turns":5},{"damage":67,"enemies":"Hexaghost","floor":16,"turns":11},{"damage":19,"enemies":"Chosen","floor":18,"turns":7},{"damage":13,"enemies":"Shell Parasite","floor":22,"turns":8},{"damage":60,"enemies":"Gremlin Leader","floor":23,"turns":12},{"damage":12,"enemies":"Snecko","floor":25,"turns":7},{"damage":42,"enemies":"Slavers","floor":27,"turns":8},{"damage":29,"enemies":"Centurion and Healer","floor":28,"turns":8},{"damage":6,"enemies":"Snake Plant","floor":30,"turns":4},{"damage":18,"enemies":"Cultist and Chosen","floor":31,"turns":9},{"damage":7,"enemies":"Champ","floor":33,"turns":23},{"damage":13,"enemies":"3 Shapes","floor":35,"turns":7},{"damage":35,"enemies":"3 Darklings","floor":36,"turns":8},{"damage":21,"enemies":"Spire Growth","floor":38,"turns":7},{"damage":18,"enemies":"Writhing Mass","floor":39,"turns":7},{"damage":27,"enemies":"4 Shapes","floor":41,"turns":7},{"damage":3,"enemies":"3 Darklings","floor":44,"turns":8},{"damage":0,"enemies":"Maw","floor":47,"turns":10},{"damage":0,"enemies":"Spire Growth","floor":48,"turns":6},{"damage":37,"enemies":"Time Eater","floor":50,"turns":11},{"damage":87,"enemies":"Shield and Spear","floor":54,"turns":6}],"seed_played":"210926780439456045","potions_obtained":[{"floor":6,"key":"Energy Potion"},{"floor":10,"key":"BloodPotion"},{"floor":16,"key":"SteroidPotion"},{"floor":23,"key":"FairyPotion"},{"floor":28,"key":"AttackPotion"},{"floor":30,"key":"AttackPotion"},{"floor":33,"key":"Weak Potion"},{"floor":39,"key":"Regen Potion"},{"floor":41,"key":"FearPotion"},{"floor":44,"key":"PowerPotion"},{"floor":48,"key":"LiquidMemories"}],"is_trial":false,"path_per_floor":["M","$","M","M","?","E","R","M","T","M","M","$","R","M","R","B",null,"M","$","?","$","M","E","R","M","T","E","M","R","M","M","R","B",null,"M","M","?","M","M","R","M","$","T","M","R","$","M","M","R","B",null,"R","$","E"],"character_chosen":"IRONCLAD","items_purchased":["Chemical X","Lee\u0027s Waffle","Orrery","Happy Flower","Rampage+1"],"campfire_rested":3,"item_purchase_floors":[2,12,19,42,53],"current_hp_per_floor":[80,80,80,79,79,47,47,31,31,48,50,87,87,78,78,17,87,74,74,87,87,80,26,52,46,46,10,13,54,54,42,42,41,87,80,51,51,36,24,63,56,56,56,59,59,59,65,71,71,40,83,83,83,0],"gold":4,"neow_bonus":"HUNDRED_GOLD","is_prod":false,"is_daily":false,"chose_seed":false,"campfire_upgraded":6,"win_rate":0,"timestamp":1588045902,"path_taken":["M","$","M","M","?","E","R","M","T","M","M","$","R","?","R","BOSS","M","$","?","?","M","E","R","M","T","E","M","R","M","M","R","BOSS","M","M","?","M","M","R","M","$","T","M","R","$","M","M","R","BOSS","R","$","E"],"build_version":"2020-01-27","purchased_purges":2,"victory":false,"max_hp_per_floor":[80,80,80,80,80,80,80,80,80,80,80,87,87,87,87,87,87,87,87,87,87,87,87,87,87,87,87,87,87,87,87,87,87,87,87,87,83,83,83,83,83,83,83,83,83,83,83,83,83,83,83,83,83,83],"card_choices":[{"not_picked":["Sword Boomerang","Clothesline"],"picked":"Uppercut","floor":1},{"not_picked":["Dark Embrace","Cleave"],"picked":"Shrug It Off","floor":3},{"not_picked":["Armaments","Perfected Strike","True Grit"],"picked":"SKIP","floor":4},{"not_picked":["Cleave+1","Metallicize","Armaments"],"picked":"SKIP","floor":6},{"not_picked":["True Grit","Disarm","Demon Form"],"picked":"SKIP","floor":8},{"not_picked":["Cleave+1","Seeing Red+1"],"picked":"Pommel Strike+1","floor":10},{"not_picked":["Wild Strike+1","Heavy Blade+1"],"picked":"True Grit+1","floor":11},{"not_picked":["Infernal Blade+1","Iron Wave+1","Rampage+1"],"picked":"SKIP","floor":14},{"not_picked":["Demon Form","Corruption"],"picked":"Barricade","floor":16},{"not_picked":["Spot Weakness+1","Body Slam+1"],"picked":"Rage+1","floor":18},{"not_picked":["Dark Embrace","Warcry+1"],"picked":"Cleave+1","floor":19},{"not_picked":["Evolve","Carnage+1"],"picked":"Rage+1","floor":19},{"not_picked":["Power Through+1","Twin Strike+1","Headbutt+1"],"picked":"SKIP","floor":22},{"not_picked":["Clothesline+1","Carnage+1","Anger+1"],"picked":"SKIP","floor":23},{"not_picked":["True Grit+1","Infernal Blade+1","Armaments+1"],"picked":"SKIP","floor":25},{"not_picked":["Metallicize","Feed+1"],"picked":"Second Wind+1","floor":27},{"not_picked":["True Grit+1","Clothesline+1","Spot Weakness+1"],"picked":"SKIP","floor":28},{"not_picked":["Shrug It Off+1","True Grit+1","Flex+1"],"picked":"SKIP","floor":30},{"not_picked":["Havoc+1","Second Wind+1"],"picked":"Ghostly Armor+1","floor":31},{"not_picked":["Brutality","Demon Form"],"picked":"Double Tap+1","floor":33},{"not_picked":["Thunderclap+1","Clothesline+1","Sword Boomerang+1"],"picked":"SKIP","floor":35},{"not_picked":["Iron Wave+1","Headbutt+1"],"picked":"Feel No Pain+1","floor":36},{"not_picked":["Anger+1","Rupture+1","Shrug It Off+1"],"picked":"SKIP","floor":38},{"not_picked":["Clash+1","Clothesline+1","Cleave+1"],"picked":"SKIP","floor":39},{"not_picked":["Wild Strike+1","Twin Strike+1","Power Through+1"],"picked":"SKIP","floor":41},{"not_picked":["Sentinel+1","Juggernaut"],"picked":"Iron Wave+1","floor":44},{"not_picked":["Heavy Blade+1","Thunderclap+1"],"picked":"Shrug It Off+1","floor":47},{"not_picked":["Battle Trance+1","Cleave+1"],"picked":"Flame Barrier+1","floor":48}],"player_experience":569763,"relics_obtained":[{"floor":5,"key":"Molten Egg 2"},{"floor":6,"key":"Kunai"},{"floor":9,"key":"Toxic Egg 2"},{"floor":23,"key":"Boot"},{"floor":26,"key":"Bronze Scales"},{"floor":27,"key":"Regal Pillow"}],"event_choices":[{"damage_healed":0,"gold_gain":0,"player_choice":"Relic","damage_taken":0,"max_hp_gain":0,"max_hp_loss":0,"event_name":"Wheel of Change","floor":5,"gold_loss":0},{"damage_healed":13,"gold_gain":0,"player_choice":"Full Heal","damage_taken":0,"max_hp_gain":0,"max_hp_loss":0,"event_name":"Wheel of Change","floor":20,"gold_loss":0},{"damage_healed":0,"gold_gain":0,"player_choice":"Max HP","damage_taken":0,"max_hp_gain":0,"max_hp_loss":4,"event_name":"Winding Halls","floor":37,"gold_loss":0}],"is_beta":false,"boss_relics":[{"not_picked":["Black Blood","Runic Dome"],"picked":"SlaversCollar"},{"not_picked":["Black Star","Runic Cube"],"picked":"Velvet Choker"}],"items_purged_floors":[42,46],"is_endless":false,"potions_floor_spawned":[6,10,16,23,28,30,33,39,41,44,48],"killed_by":"Shield and Spear","ascension_level":0}