{"gold_per_floor":[363,363,54,72,72,72,86,129,156,171,171,33,33,64,64,187,187,203,226,226,244,244,279,279,292,318,361,200,218,67,67,67,191,191,206,274,290,52,0,0,36,36,36,36,49,49,49,83,83,83,83,83,11,44,44],"floor_reached":56,"playtime":4338,"items_purged":["Injury","Defend_R","Shame","Decay","Defend_R"],"score":1324,"play_id":"28fed613-f0ee-4cb8-bf50-5a37400246e9","local_time":"20200427141049","is_ascension_mode":false,"campfire_choices":[{"data":"Bash","floor":6,"key":"SMITH"},{"data":"Sever Soul","floor":11,"key":"SMITH"},{"data":"Juggernaut","floor":15,"key":"SMITH"},{"data":"Feed","floor":24,"key":"SMITH"},{"floor":32,"key":"REST"},{"data":"Fiend Fire","floor":40,"key":"SMITH"},{"data":"Dual Wield","floor":42,"key":"SMITH"},{"floor":44,"key":"RECALL"},{"data":"Metallicize","floor":47,"key":"SMITH"},{"data":"Bite","floor":49,"key":"SMITH"},{"data":"Bite","floor":52,"key":"SMITH"}],"neow_cost":"PERCENT_DAMAGE","seed_source_timestamp":4589363313268923,"circlet_count":0,"master_deck":["Defend_R+1","Defend_R+1","Bash+1","Sever Soul+1","Dual Wield+1","Juggernaut+1","Shrug It Off","Feed+1","Shockwave+1","Bite+1","Bite+1","Bite","Bite","Bite","Uppercut+1","Metallicize+1","Double Tap+1","True Grit+1","Fiend Fire+1","Juggernaut+1","Spot Weakness+1","Writhe"],"relics":["Burning Blood","Golden Idol","Membership Card","Orichalcum","Dream Catcher","Bag of Preparation","TheAbacus","FaceOfCleric","Darkstone Periapt","Cursed Key","StoneCalendar","Omamori","MawBank","War Paint","Bronze Scales","Toxic Egg 2","SlaversCollar","Incense Burner","DollysMirror","Red Mask","Prayer Wheel","Paper Frog","Pear","Medical Kit","Art of War"],"potions_floor_usage":[14,16,16,27,48,54,54,55],"damage_taken":[{"damage":7,"enemies":"Small Slimes","floor":1,"turns":4},{"damage":1,"enemies":"Jaw Worm","floor":4,"turns":3},{"damage":1,"enemies":"2 Louse","floor":7,"turns":2},{"damage":16,"enemies":"Gremlin Nob","floor":8,"turns":4},{"damage":7,"enemies":"Red Slaver","floor":10,"turns":2},{"damage":5,"enemies":"Lagavulin","floor":14,"turns":6},{"damage":18,"enemies":"The Guardian","floor":16,"turns":9},{"damage":20,"enemies":"Spheric Guardian","floor":18,"turns":5},{"damage":4,"enemies":"Chosen","floor":19,"turns":4},{"damage":2,"enemies":"3 Cultists","floor":21,"turns":5},{"damage":36,"enemies":"Book of Stabbing","floor":23,"turns":6},{"damage":5,"enemies":"Snecko","floor":25,"turns":4},{"damage":59,"enemies":"Slavers","floor":27,"turns":5},{"damage":29,"enemies":"Sentry and Sphere","floor":29,"turns":6},{"damage":26,"enemies":"Champ","floor":33,"turns":10},{"damage":28,"enemies":"3 Darklings","floor":35,"turns":6},{"damage":49,"enemies":"2 Orb Walkers","floor":36,"turns":6},{"damage":0,"enemies":"3 Shapes","floor":37,"turns":5},{"damage":14,"enemies":"Giant Head","floor":41,"turns":7},{"damage":25,"enemies":"Writhing Mass","floor":45,"turns":6},{"damage":39,"enemies":"Reptomancer","floor":48,"turns":6},{"damage":40,"enemies":"Time Eater","floor":50,"turns":10},{"damage":20,"enemies":"Shield and Spear","floor":54,"turns":5},{"damage":129,"enemies":"The Heart","floor":55,"turns":9}],"seed_played":"-3333520787266312299","potions_obtained":[{"floor":7,"key":"Block Potion"},{"floor":8,"key":"Block Potion"},{"floor":10,"key":"PowerPotion"},{"floor":18,"key":"FearPotion"},{"floor":21,"key":"Ancient Potion"},{"floor":23,"key":"SkillPotion"},{"floor":29,"key":"Strength Potion"},{"floor":37,"key":"EssenceOfSteel"},{"floor":48,"key":"LiquidBronze"}],"is_trial":false,"path_per_floor":["M","?","$","M","?","R","M","E","T","M","R","$","?","E","R","B",null,"M","M","T","M","?","E","R","M","T","E","$","M","$","?","R","B",null,"M","?","M","$","?","R","E","R","T","R","M","?","R","E","R","B",null,"R","$","E","B",null],"character_chosen":"IRONCLAD","items_purchased":["Membership Card","Orichalcum","TheAbacus","Shrug It Off","War Paint","Metallicize","Bronze Scales","Fiend Fire","DollysMirror","Medical Kit"],"campfire_rested":1,"item_purchase_floors":[3,3,12,12,28,28,30,38,38,53],"current_hp_per_floor":[55,55,55,60,53,53,58,48,48,47,47,47,47,49,49,38,82,72,78,84,92,69,50,50,58,64,32,32,30,30,30,56,59,88,81,55,70,70,70,70,81,81,81,81,77,107,107,87,87,73,119,119,119,114,24],"gold":44,"neow_bonus":"TWO_FIFTY_GOLD","is_prod":false,"is_daily":false,"chose_seed":false,"campfire_upgraded":9,"win_rate":0,"timestamp":1588025449,"path_taken":["M","?","$","M","?","R","M","E","T","M","R","?","?","E","R","BOSS","M","M","?","M","?","E","R","M","T","E","$","M","$","?","R","BOSS","M","?","M","$","?","R","E","R","T","R","M","?","R","E","R","BOSS","R","$","E","BOSS"],"build_version":"2020-01-27","purchased_purges":5,"victory":true,"max_hp_per_floor":[80,80,80,80,80,80,80,80,80,80,80,80,80,81,81,82,82,86,90,96,100,69,70,70,71,77,82,82,87,87,87,87,88,88,89,90,95,95,95,95,96,96,96,96,101,107,107,118,118,119,119,119,119,120,121],"card_choices":[{"not_picked":["Twin Strike","Havoc","Iron Wave"],"picked":"SKIP","floor":1},{"not_picked":["Pommel Strike","Iron Wave","Clothesline"],"picked":"SKIP","floor":4},{"not_picked":["Twin Strike","Dual Wield"],"picked":"Sever Soul","floor":7},{"not_picked":["True Grit","Rage"],"picked":"Dual Wield","floor":8},{"not_picked":["Shrug It Off","Whirlwind"],"picked":"Juggernaut","floor":10},{"not_picked":["Inflame","Anger","Thunderclap"],"picked":"SKIP","floor":14},{"not_picked":["Limit Break","Barricade"],"picked":"Feed","floor":16},{"not_picked":["Whirlwind","Armaments+1","Sentinel"],"picked":"SKIP","floor":18},{"not_picked":["Havoc","Evolve"],"picked":"Shockwave+1","floor":19},{"not_picked":["Rampage","Searing Blow","Shrug It Off"],"picked":"SKIP","floor":21},{"not_picked":["Flex","Clothesline+1"],"picked":"Uppercut+1","floor":23},{"not_picked":["Perfected Strike+1","Shockwave+1","Infernal Blade"],"picked":"SKIP","floor":25},{"not_picked":["Infernal Blade","Wild Strike","Anger"],"picked":"SKIP","floor":27},{"not_picked":["Heavy Blade","Flex+1","Havoc"],"picked":"SKIP","floor":29},{"not_picked":["Immolate","Barricade"],"picked":"Double Tap+1","floor":33},{"not_picked":["Perfected Strike","Havoc+1","Seeing Red+1"],"picked":"SKIP","floor":35},{"not_picked":["Sword Boomerang+1","Rupture+1"],"picked":"True Grit+1","floor":37},{"not_picked":["Headbutt+1","Iron Wave+1","Juggernaut"],"picked":"SKIP","floor":41},{"not_picked":["Cleave","Searing Blow+1"],"picked":"Spot Weakness+1","floor":45},{"not_picked":["Wild Strike+1","Hemokinesis+1","Iron Wave+1"],"picked":"SKIP","floor":45},{"not_picked":["Headbutt","Wild Strike+1","Warcry+1"],"picked":"SKIP","floor":48},{"not_picked":["True Grit+1","Carnage","Searing Blow+1"],"picked":"SKIP","floor":54}],"player_experience":565425,"relics_obtained":[{"floor":8,"key":"Dream Catcher"},{"floor":9,"key":"Bag of Preparation"},{"floor":14,"key":"Darkstone Periapt"},{"floor":23,"key":"StoneCalendar"},{"floor":26,"key":"Omamori"},{"floor":27,"key":"MawBank"},{"floor":36,"key":"Incense Burner"},{"floor":41,"key":"Prayer Wheel"},{"floor":43,"key":"Paper Frog"},{"floor":48,"key":"Pear"},{"floor":54,"key":"Art of War"}],"event_choices":[{"damage_healed":0,"gold_gain":0,"player_choice":"Take Wound","damage_taken":0,"relics_obtained":["Golden Idol"],"max_hp_gain":0,"max_hp_loss":0,"event_name":"Golden Idol","floor":2,"gold_loss":0,"cards_obtained":["Injury"]},{"cards_removed":["Strike_R"],"damage_healed":0,"gold_gain":0,"player_choice":"Card Removal","damage_taken":7,"max_hp_gain":0,"max_hp_loss":0,"event_name":"Golden Wing","floor":5,"gold_loss":0},{"damage_healed":0,"gold_gain":0,"player_choice":"Trade","damage_taken":0,"relics_obtained":["FaceOfCleric"],"max_hp_gain":0,"max_hp_loss":0,"event_name":"FaceTrader","floor":13,"gold_loss":0},{"damage_healed":0,"gold_gain":0,"player_choice":"Became a vampire","damage_taken":0,"max_hp_gain":0,"max_hp_loss":31,"event_name":"Vampires","floor":22,"gold_loss":0,"cards_obtained":["Bite","Bite","Bite","Bite","Bite"]},{"damage_healed":0,"gold_gain":0,"player_choice":"Stole Relic","damage_taken":0,"relics_obtained":["Toxic Egg 2"],"max_hp_gain":0,"max_hp_loss":0,"event_name":"Addict","floor":31,"gold_loss":0,"cards_obtained":["Shame"]},{"damage_healed":0,"gold_gain":0,"player_choice":"Fight","damage_taken":0,"max_hp_gain":0,"max_hp_loss":0,"event_name":"Mysterious Sphere","floor":36,"gold_loss":0},{"damage_healed":0,"gold_gain":0,"player_choice":"Paid","damage_taken":0,"relics_obtained":["Red Mask"],"max_hp_gain":0,"max_hp_loss":0,"event_name":"Tomb of Lord Red Mask","floor":39,"gold_loss":52},{"damage_healed":25,"gold_gain":0,"player_choice":"Writhe","damage_taken":0,"max_hp_gain":0,"max_hp_loss":0,"event_name":"Winding Halls","floor":46,"gold_loss":0,"cards_obtained":["Writhe"]}],"is_beta":false,"boss_relics":[{"not_picked":["Astrolabe","Empty Cage"],"picked":"Cursed Key"},{"not_picked":["Coffee Dripper","Runic Dome"],"picked":"SlaversCollar"}],"items_purged_floors":[3,12,28,30,38],"is_endless":false,"potions_floor_spawned":[7,8,10,18,21,23,29,37,48],"ascension_level":0}