{"gold_per_floor":[113,113,127,144,219,219,219,248,273,273,289,321,42,55,55,152,152,171,22,37,37,37,37,52,84,84,97,114,114,131,150,150,248,248,264,284,79,95,95,123,142,160,160,160,174,87,38,58,58,58,58,58,8,36,36],"floor_reached":55,"playtime":3629,"items_purged":["Defend_R","Strike_R","Regret","Strike_R"],"score":673,"play_id":"7bc22f31-5343-4751-8844-c52fd2ba8808","local_time":"20200519191331","is_ascension_mode":false,"campfire_choices":[{"data":"Armaments","floor":6.0,"key":"SMITH"},{"data":"Flame Barrier","floor":10.0,"key":"SMITH"},{"data":"Uppercut","floor":15.0,"key":"SMITH"},{"floor":23.0,"key":"RECALL"},{"floor":29.0,"key":"DIG"},{"floor":32.0,"key":"DIG"},{"data":"True Grit","floor":44.0,"key":"SMITH"},{"data":"Shockwave","floor":49.0,"key":"SMITH"},{"data":"Immolate","floor":52.0,"key":"SMITH"}],"neow_cost":"NONE","seed_source_timestamp":0,"circlet_count":0,"master_deck":["Strike_R","Strike_R","Defend_R","Defend_R","Defend_R","Bash+1","Flame Barrier+1","Armaments+1","Uppercut+1","Reaper","Spot Weakness","Cleave","Dual Wield+1","Spot Weakness","Shrug It Off+1","Immolate+1","Rampage+1","Fire Breathing+1","True Grit+1","Parasite","Shockwave+1","Burning Pact+1"],"special_seed":0,"relics":["Burning Blood","Dream Catcher","Odd Mushroom","Oddly Smooth Stone","InkBottle","MealTicket","Cursed Key","MutagenicStrength","Shovel","Matryoshka","TungstenRod","Smiling Mask","Runic Cube","ClockworkSouvenir","Nunchaku","Potion Belt","Anchor"],"potions_floor_usage":[55,55,55],"damage_taken":[{"damage":8.0,"enemies":"Small Slimes","floor":1.0,"turns":4.0},{"damage":1.0,"enemies":"Cultist","floor":3.0,"turns":4.0},{"damage":3.0,"enemies":"Jaw Worm","floor":4.0,"turns":4.0},{"damage":21.0,"enemies":"The Mushroom Lair","floor":8.0,"turns":5.0},{"damage":6.0,"enemies":"Blue Slaver","floor":11.0,"turns":5.0},{"damage":13.0,"enemies":"Lagavulin","floor":12.0,"turns":11.0},{"damage":0.0,"enemies":"3 Louse","floor":14.0,"turns":4.0},{"damage":34.0,"enemies":"The Guardian","floor":16.0,"turns":14.0},{"damage":2.0,"enemies":"Shell Parasite","floor":18.0,"turns":6.0},{"damage":0.0,"enemies":"3 Byrds","floor":20.0,"turns":4.0},{"damage":15.0,"enemies":"Snake Plant","floor":24.0,"turns":4.0},{"damage":25.0,"enemies":"Slavers","floor":25.0,"turns":4.0},{"damage":12.0,"enemies":"Snecko","floor":27.0,"turns":4.0},{"damage":14.0,"enemies":"Chosen and Byrds","floor":28.0,"turns":7.0},{"damage":10.0,"enemies":"Cultist and Chosen","floor":30.0,"turns":5.0},{"damage":23.0,"enemies":"Snecko","floor":31.0,"turns":7.0},{"damage":44.0,"enemies":"Automaton","floor":33.0,"turns":9.0},{"damage":11.0,"enemies":"3 Shapes","floor":35.0,"turns":4.0},{"damage":8.0,"enemies":"Orb Walker","floor":36.0,"turns":4.0},{"damage":14.0,"enemies":"Sphere and 2 Shapes","floor":38.0,"turns":4.0},{"damage":31.0,"enemies":"Reptomancer","floor":40.0,"turns":6.0},{"damage":0.0,"enemies":"4 Shapes","floor":41.0,"turns":2.0},{"damage":70.0,"enemies":"Spire Growth","floor":42.0,"turns":7.0},{"damage":2.0,"enemies":"Maw","floor":45.0,"turns":8.0},{"damage":12.0,"enemies":"Jaw Worm Horde","floor":48.0,"turns":4.0},{"damage":78.0,"enemies":"Time Eater","floor":50.0,"turns":12.0},{"damage":47.0,"enemies":"Shield and Spear","floor":54.0,"turns":5.0},{"damage":46,"enemies":"The Heart","floor":55,"turns":5}],"seed_played":"-7869611398164337866","potions_obtained":[{"floor":1.0,"key":"ElixirPotion"},{"floor":3.0,"key":"PowerPotion"},{"floor":4.0,"key":"Fire Potion"},{"floor":14.0,"key":"Fire Potion"},{"floor":20.0,"key":"PowerPotion"},{"floor":24.0,"key":"LiquidBronze"},{"floor":27.0,"key":"Weak Potion"},{"floor":30.0,"key":"ColorlessPotion"},{"floor":33.0,"key":"SpeedPotion"},{"floor":36.0,"key":"LiquidMemories"},{"floor":40.0,"key":"PowerPotion"},{"floor":41.0,"key":"BloodPotion"},{"floor":54.0,"key":"HeartOfIron"}],"is_trial":false,"path_per_floor":["M","?","M","M","?","R","?","?","T","R","M","E","$","M","R","B",null,"M","$","M","$","?","R","M","E","T","M","M","R","M","M","R","B",null,"M","M","$","M","?","E","M","M","T","R","M","$","$","M","R","B",null,"R","$","E","B"],"character_chosen":"IRONCLAD","items_purchased":["MealTicket","Explosive Potion","Cleave","ClockworkSouvenir","Shockwave","Fire Potion","Block Potion"],"campfire_rested":0,"item_purchase_floors":[13,13,19,37,46,47,53],"current_hp_per_floor":[78,78,80,80,69,69,57,42,42,42,42,35,35,41,41,13,80,80,80,80,80,80,80,78,74,74,68,70,70,78,65,65,42,80,80,78,80,72,72,69,75,60,60,60,72,80,80,74,74,23,80,80,80,39,0],"gold":36,"neow_bonus":"REMOVE_CARD","is_prod":false,"is_daily":false,"chose_seed":false,"campfire_upgraded":6,"win_rate":0,"timestamp":1589886811,"path_taken":["M","?","?","M","?","R","?","?","T","R","M","E","?","M","R","BOSS","M","$","M","$","?","R","M","E","T","M","M","R","M","M","R","BOSS","M","M","$","M","?","E","M","M","T","R","M","?","$","M","R","BOSS","R","$","E","BOSS"],"build_version":"2020-01-27","purchased_purges":4,"victory":false,"max_hp_per_floor":[80,80,80,80,80,80,80,80,80,80,80,80,80,80,80,80,80,80,80,80,80,80,80,80,80,80,80,80,80,80,80,80,80,80,80,80,80,80,80,80,80,80,80,80,80,80,80,80,80,80,80,80,80,80,80],"card_choices":[{"not_picked":["Warcry","Spot Weakness"],"picked":"Flame Barrier","floor":1.0},{"not_picked":["Rage","Iron Wave","Blood for Blood"],"picked":"SKIP","floor":3.0},{"not_picked":["Second Wind","Body Slam"],"picked":"Armaments","floor":4.0},{"not_picked":["Shockwave","Cleave"],"picked":"Uppercut","floor":11.0},{"not_picked":["Hemokinesis","Whirlwind","Flex"],"picked":"SKIP","floor":12.0},{"not_picked":["Twin Strike","Searing Blow","Clash"],"picked":"SKIP","floor":14.0},{"not_picked":["Exhume","Fiend Fire"],"picked":"Reaper","floor":16.0},{"not_picked":["Dropkick+1","Heavy Blade"],"picked":"Spot Weakness","floor":18.0},{"not_picked":["Clothesline+1","Anger+1","Warcry+1"],"picked":"SKIP","floor":20.0},{"not_picked":["Warcry","Headbutt+1"],"picked":"Dual Wield+1","floor":24.0},{"not_picked":["Clash","Berserk","Pommel Strike"],"picked":"SKIP","floor":25.0},{"not_picked":["Power Through","Flex"],"picked":"Spot Weakness","floor":27.0},{"not_picked":["Twin Strike","Heavy Blade"],"picked":"Shrug It Off+1","floor":28.0},{"not_picked":["Dual Wield","Wild Strike","Sword Boomerang+1"],"picked":"SKIP","floor":30.0},{"not_picked":["Dropkick","Feed","Rage+1"],"picked":"SKIP","floor":31.0},{"not_picked":["Impervious","Reaper"],"picked":"Immolate","floor":33.0},{"not_picked":["Pommel Strike","Carnage+1"],"picked":"Rampage+1","floor":35.0},{"not_picked":["Sword Boomerang","Flex","Pommel Strike+1"],"picked":"SKIP","floor":36.0},{"not_picked":["Spot Weakness+1","Seeing Red+1"],"picked":"Fire Breathing+1","floor":38.0},{"not_picked":["Flex","Disarm"],"picked":"True Grit","floor":40.0},{"not_picked":["Power Through","Fiend Fire","Ghostly Armor+1"],"picked":"SKIP","floor":41.0},{"not_picked":["Seeing Red+1","Shrug It Off","Pommel Strike+1"],"picked":"SKIP","floor":42.0},{"not_picked":["Perfected Strike+1","Twin Strike+1","Havoc+1"],"picked":"SKIP","floor":45.0},{"not_picked":["Intimidate+1","Cleave"],"picked":"Burning Pact+1","floor":48.0},{"not_picked":["Burning Pact","Twin Strike+1","True Grit+1"],"picked":"SKIP","floor":54.0}],"player_experience":677537,"relics_obtained":[{"floor":8.0,"key":"Odd Mushroom"},{"floor":9.0,"key":"Oddly Smooth Stone"},{"floor":12.0,"key":"InkBottle"},{"floor":25.0,"key":"Shovel"},{"floor":26.0,"key":"Matryoshka"},{"floor":29.0,"key":"TungstenRod"},{"floor":32.0,"key":"Smiling Mask"},{"floor":40.0,"key":"Nunchaku"},{"floor":43.0,"key":"Potion Belt"},{"floor":54.0,"key":"Anchor"}],"event_choices":[{"damage_healed":0.0,"max_hp_gain":0.0,"max_hp_loss":0.0,"gold_gain":0.0,"event_name":"Accursed Blacksmith","player_choice":"Forge","floor":2.0,"gold_loss":0.0,"damage_taken":0.0,"cards_upgraded":["Bash"]},{"damage_healed":0.0,"max_hp_gain":0.0,"max_hp_loss":0.0,"gold_gain":75.0,"event_name":"World of Goop","player_choice":"Gather Gold","floor":5.0,"gold_loss":0.0,"damage_taken":11.0},{"damage_healed":0.0,"max_hp_gain":0.0,"max_hp_loss":0.0,"gold_gain":0.0,"event_name":"Scrap Ooze","player_choice":"Success","floor":7.0,"gold_loss":0.0,"damage_taken":12.0,"relics_obtained":["Dream Catcher"]},{"damage_healed":0.0,"max_hp_gain":0.0,"max_hp_loss":0.0,"gold_gain":0.0,"event_name":"Mushrooms","player_choice":"Fought Mushrooms","floor":8.0,"gold_loss":0.0,"damage_taken":0.0},{"damage_healed":0.0,"max_hp_gain":0.0,"max_hp_loss":0.0,"gold_gain":0.0,"event_name":"Drug Dealer","player_choice":"Inject Mutagens","floor":22.0,"gold_loss":0.0,"damage_taken":0.0,"relics_obtained":["MutagenicStrength"]},{"damage_healed":0.0,"max_hp_gain":0.0,"max_hp_loss":0.0,"gold_gain":0.0,"event_name":"NoteForYourself","player_choice":"Ignored","floor":39.0,"gold_loss":0.0,"damage_taken":0.0}],"is_beta":false,"boss_relics":[{"not_picked":["SacredBark","SlaversCollar"],"picked":"Cursed Key"},{"not_picked":["Snecko Eye","Philosopher\u0027s Stone"],"picked":"Runic Cube"}],"items_purged_floors":[13,19,37,46],"is_endless":false,"potions_floor_spawned":[1,3,4,14,20,24,27,30,33,36,40,41,54],"killed_by":"The Heart","ascension_level":0}