{"gold_per_floor":[115,190,206,131,131,158,108,108,108,127,140,165,185,14,14,112,112,129,129,204,0,0,33,33,43,68,86,110,128,158,20,20,122,122,133,180,193,209,15,15,65,81,81,42,53,68,95,110,110,110],"floor_reached":51,"playtime":3757,"items_purged":["Strike_R","Strike_R","Defend_R"],"score":702,"play_id":"418e41b5-61bb-47fd-912a-4db708688987","local_time":"20200516133731","is_ascension_mode":false,"campfire_choices":[{"data":"Bash","floor":8.0,"key":"SMITH"},{"data":"Double Tap","floor":15.0,"key":"SMITH"},{"data":"True Grit","floor":24.0,"key":"SMITH"},{"data":"True Grit","floor":32.0,"key":"SMITH"},{"data":"Armaments","floor":40.0,"key":"SMITH"},{"data":"Barricade","floor":49,"key":"SMITH"}],"neow_cost":"NONE","seed_source_timestamp":0,"circlet_count":0,"master_deck":["Strike_R+1","Strike_R+1","Defend_R","Defend_R","Bash+1","Feel No Pain","Seeing Red","Corruption","Power Through","Iron Wave","Rage","Double Tap+1","Immolate","Uppercut+1","RitualDagger","True Grit+1","Sentinel","Disarm","Reckless Charge","True Grit+1","Armaments+1","Bludgeon","CurseOfTheBell","Carnage","Pommel Strike","Barricade+1","Disarm+1","Seeing Red"],"special_seed":0,"relics":["Burning Blood","NeowsBlessing","Juzu Bracelet","The Courier","Whetstone","Orichalcum","Mark of Pain","Oddly Smooth Stone","Bag of Marbles","Ancient Tea Set","TungstenRod","Calling Bell","Lizard Tail","Mercury Hourglass","Dream Catcher","Thread and Needle","Meat on the Bone","Du-Vu Doll","Bottled Tornado","Peace Pipe"],"potions_floor_usage":[48],"damage_taken":[{"damage":0.0,"enemies":"Small Slimes","floor":1.0,"turns":2.0},{"damage":0.0,"enemies":"Jaw Worm","floor":3.0,"turns":1.0},{"damage":0.0,"enemies":"Gremlin Nob","floor":6.0,"turns":1.0},{"damage":7.0,"enemies":"2 Louse","floor":10.0,"turns":3.0},{"damage":13.0,"enemies":"Large Slime","floor":11.0,"turns":8.0},{"damage":31.0,"enemies":"Lagavulin","floor":12.0,"turns":10.0},{"damage":0.0,"enemies":"Looter","floor":13.0,"turns":4.0},{"damage":37.0,"enemies":"The Guardian","floor":16.0,"turns":10.0},{"damage":0.0,"enemies":"Shell Parasite","floor":18.0,"turns":2.0},{"damage":3.0,"enemies":"Gremlin Leader","floor":23.0,"turns":5.0},{"damage":0.0,"enemies":"Chosen","floor":25.0,"turns":2.0},{"damage":0.0,"enemies":"Shelled Parasite and Fungi","floor":27.0,"turns":4.0},{"damage":3.0,"enemies":"Snake Plant","floor":29.0,"turns":2.0},{"damage":28.0,"enemies":"Book of Stabbing","floor":30.0,"turns":9.0},{"damage":50.0,"enemies":"Collector","floor":33.0,"turns":12.0},{"damage":0.0,"enemies":"3 Shapes","floor":35.0,"turns":1.0},{"damage":24.0,"enemies":"2 Orb Walkers","floor":36.0,"turns":5.0},{"damage":0.0,"enemies":"Orb Walker","floor":37.0,"turns":5.0},{"damage":21.0,"enemies":"Maw","floor":38.0,"turns":10.0},{"damage":0.0,"enemies":"Mind Bloom Boss Battle","floor":41.0,"turns":11.0},{"damage":1.0,"enemies":"Spire Growth","floor":42.0,"turns":5.0},{"damage":4.0,"enemies":"Writhing Mass","floor":45.0,"turns":9.0},{"damage":0.0,"enemies":"Sphere and 2 Shapes","floor":46.0,"turns":6.0},{"damage":5.0,"enemies":"Reptomancer","floor":47.0,"turns":6.0},{"damage":8,"enemies":"Spire Growth","floor":48,"turns":3},{"damage":75,"enemies":"Time Eater","floor":50,"turns":16}],"seed_played":"9187868001888127069","potions_obtained":[{"floor":3.0,"key":"FearPotion"},{"floor":6.0,"key":"Ancient Potion"},{"floor":10.0,"key":"LiquidBronze"},{"floor":12.0,"key":"Swift Potion"},{"floor":18.0,"key":"FearPotion"},{"floor":25.0,"key":"BlessingOfTheForge"},{"floor":29.0,"key":"Dexterity Potion"},{"floor":37.0,"key":"Regen Potion"},{"floor":41.0,"key":"SkillPotion"},{"floor":42.0,"key":"GamblersBrew"},{"floor":46.0,"key":"GamblersBrew"},{"floor":47.0,"key":"FearPotion"},{"floor":48,"key":"Regen Potion"}],"is_trial":false,"path_per_floor":["M","?","M","$","?","E","?","R","T","M","M","E","M","$","R","B",null,"M","?","?","$","?","E","R","M","T","M","T","M","E","$","R","B",null,"M","?","M","M","$","R","?","M","T","$","M","M","E","M","R","B",null],"character_chosen":"IRONCLAD","items_purchased":["Orichalcum","Double Tap","Oddly Smooth Stone","Armaments","Meat on the Bone","Block Potion"],"campfire_rested":0,"item_purchase_floors":[14,14,21,31,39,44],"current_hp_per_floor":[80,69,75,75,75,80,80,80,80,79,72,47,53,53,53,22,80,80,80,72,72,66,69,69,75,75,80,80,80,58,58,58,14,80,80,62,68,68,68,68,74,79,79,79,80,80,80,78,78,21],"gold":110,"neow_bonus":"THREE_ENEMY_KILL","is_prod":false,"is_daily":false,"chose_seed":false,"campfire_upgraded":6,"win_rate":0,"timestamp":1589607451,"path_taken":["M","?","M","$","?","E","?","R","T","M","M","E","M","$","R","BOSS","M","?","?","$","?","E","R","M","T","M","?","M","E","$","R","BOSS","M","?","M","M","$","R","?","M","T","$","M","M","E","M","R","BOSS"],"build_version":"2020-01-27","purchased_purges":3,"victory":true,"max_hp_per_floor":[80,80,80,80,80,80,80,80,80,80,80,80,80,80,80,80,80,80,80,80,80,80,80,80,80,80,80,80,80,80,80,80,80,80,80,80,80,80,80,80,80,80,80,80,80,80,80,80,80,80],"card_choices":[{"not_picked":["Clash","Flex"],"picked":"Feel No Pain","floor":1.0},{"not_picked":["True Grit","Warcry"],"picked":"Seeing Red","floor":3.0},{"not_picked":["Body Slam","Spot Weakness"],"picked":"Corruption","floor":6.0},{"not_picked":["Bloodletting","Heavy Blade","Twin Strike"],"picked":"SKIP","floor":10.0},{"not_picked":["Headbutt","Warcry"],"picked":"Power Through","floor":11.0},{"not_picked":["Cleave","Havoc"],"picked":"Iron Wave","floor":12.0},{"not_picked":["Bludgeon","Iron Wave"],"picked":"Rage","floor":13.0},{"not_picked":["Exhume","Fiend Fire"],"picked":"Immolate","floor":16.0},{"not_picked":["Sword Boomerang+1","Clash"],"picked":"Uppercut+1","floor":18.0},{"not_picked":["Searing Blow","Uppercut+1"],"picked":"True Grit","floor":23.0},{"not_picked":["Spot Weakness","Feel No Pain+1"],"picked":"Sentinel","floor":25.0},{"not_picked":["Clothesline+1","Shockwave+1"],"picked":"Disarm","floor":27.0},{"not_picked":["Anger","Sword Boomerang"],"picked":"Reckless Charge","floor":29.0},{"not_picked":["Searing Blow","Seeing Red"],"picked":"True Grit","floor":30.0},{"not_picked":["Corruption","Berserk"],"picked":"Bludgeon","floor":33.0},{"not_picked":["Intimidate+1","Headbutt","Twin Strike+1"],"picked":"SKIP","floor":35.0},{"not_picked":["Havoc+1","Anger+1","Shockwave"],"picked":"SKIP","floor":37.0},{"not_picked":["Havoc+1","Warcry"],"picked":"Carnage","floor":38.0},{"not_picked":["Battle Trance","Body Slam"],"picked":"Pommel Strike","floor":42.0},{"not_picked":["Dual Wield","Wild Strike"],"picked":"Barricade","floor":45.0},{"not_picked":["Havoc","True Grit"],"picked":"Disarm+1","floor":46.0},{"not_picked":["Flex","Armaments","Thunderclap+1"],"picked":"SKIP","floor":47.0},{"not_picked":["Headbutt+1","Thunderclap"],"picked":"Seeing Red","floor":48}],"player_experience":665674,"relics_obtained":[{"floor":6.0,"key":"Juzu Bracelet"},{"floor":9.0,"key":"The Courier"},{"floor":12.0,"key":"Whetstone"},{"floor":23.0,"key":"Bag of Marbles"},{"floor":28.0,"key":"Ancient Tea Set"},{"floor":30.0,"key":"TungstenRod"},{"floor":34.0,"key":"Lizard Tail"},{"floor":34.0,"key":"Mercury Hourglass"},{"floor":34.0,"key":"Dream Catcher"},{"floor":36.0,"key":"Thread and Needle"},{"floor":41.0,"key":"Du-Vu Doll"},{"floor":43.0,"key":"Bottled Tornado"},{"floor":47.0,"key":"Peace Pipe"}],"event_choices":[{"damage_healed":0.0,"max_hp_gain":0.0,"max_hp_loss":0.0,"gold_gain":75.0,"event_name":"World of Goop","player_choice":"Gather Gold","floor":2.0,"gold_loss":0.0,"damage_taken":11.0},{"cards_removed":["Strike_R"],"damage_healed":0.0,"max_hp_gain":0.0,"max_hp_loss":0.0,"gold_gain":0.0,"event_name":"Living Wall","player_choice":"Forget","floor":5.0,"gold_loss":0.0,"damage_taken":0.0},{"cards_removed":["Defend_R"],"damage_healed":0.0,"max_hp_gain":0.0,"max_hp_loss":0.0,"gold_gain":0.0,"event_name":"The Cleric","player_choice":"Card Removal","floor":7.0,"gold_loss":50.0,"damage_taken":0.0},{"damage_healed":0.0,"max_hp_gain":0.0,"max_hp_loss":0.0,"gold_gain":0.0,"event_name":"Vampires","player_choice":"Ignored","floor":19.0,"gold_loss":0.0,"damage_taken":0.0},{"damage_healed":0.0,"max_hp_gain":0.0,"max_hp_loss":0.0,"gold_gain":75.0,"event_name":"FaceTrader","player_choice":"Touch","floor":20.0,"gold_loss":0.0,"damage_taken":8.0},{"damage_healed":0.0,"max_hp_gain":0.0,"max_hp_loss":0.0,"gold_gain":0.0,"event_name":"Nest","player_choice":"Joined the Cult","floor":22.0,"gold_loss":0.0,"damage_taken":6.0,"cards_obtained":["RitualDagger"]},{"damage_healed":0.0,"max_hp_gain":0.0,"max_hp_loss":0.0,"gold_gain":0.0,"event_name":"Mysterious Sphere","player_choice":"Fight","floor":36.0,"gold_loss":0.0,"damage_taken":0.0},{"damage_healed":0.0,"max_hp_gain":0.0,"max_hp_loss":0.0,"gold_gain":0.0,"event_name":"MindBloom","player_choice":"Fight","floor":41.0,"gold_loss":0.0,"damage_taken":0.0}],"is_beta":false,"boss_relics":[{"not_picked":["Ectoplasm","Sozu"],"picked":"Mark of Pain"},{"not_picked":["Tiny House","Black Star"],"picked":"Calling Bell"}],"items_purged_floors":[4,21,31],"is_endless":false,"potions_floor_spawned":[3,6,10,12,18,25,29,37,41,42,46,47,48],"ascension_level":0}