{"gold_per_floor":[114,114,39,59,82,82,114,129,129,79,79,97,97,113,113,208,208,222,222,95,111,123,123,142,167,167,186,186,186,214,19,19,19],"floor_reached":33,"playtime":2089,"items_purged":["Regret","Strike_R","Strike_R"],"score":326,"play_id":"32c6c99d-09a2-4c47-8f9e-062a8cd3eb6b","local_time":"20200514221746","is_ascension_mode":true,"campfire_choices":[{"data":"Uppercut","floor":6.0,"key":"SMITH"},{"data":"Armaments","floor":11.0,"key":"SMITH"},{"data":"True Grit","floor":13.0,"key":"SMITH"},{"data":"Bash","floor":15.0,"key":"SMITH"},{"data":"Pommel Strike","floor":23.0,"key":"SMITH"},{"data":"Immolate","floor":29.0,"key":"SMITH"},{"data":"Fire Breathing","floor":32.0,"key":"SMITH"}],"neow_cost":"NONE","seed_source_timestamp":38766613067421,"circlet_count":0,"master_deck":["Strike_R+1","Strike_R","Defend_R","Defend_R","Defend_R","Defend_R","Bash+1","Uppercut+1","Armaments+1","True Grit+1","Rampage+1","Immolate+1","True Grit+1","Disarm","Pommel Strike+1","Shrug It Off","Fire Breathing+1","Wild Strike"],"special_seed":0,"relics":["Burning Blood","Gremlin Horn","Smiling Mask","Prayer Wheel","Whetstone","Busted Crown","Oddly Smooth Stone","Mercury Hourglass","Sling"],"potions_floor_usage":[33],"damage_taken":[{"damage":5.0,"enemies":"Small Slimes","floor":1.0,"turns":3.0},{"damage":3.0,"enemies":"Jaw Worm","floor":4.0,"turns":3.0},{"damage":48.0,"enemies":"3 Sentries","floor":7.0,"turns":9.0},{"damage":0.0,"enemies":"Cultist","floor":8.0,"turns":3.0},{"damage":0.0,"enemies":"2 Fungi Beasts","floor":12.0,"turns":4.0},{"damage":0.0,"enemies":"Gremlin Gang","floor":14.0,"turns":3.0},{"damage":55.0,"enemies":"Slime Boss","floor":16.0,"turns":11.0},{"damage":0.0,"enemies":"3 Byrds","floor":18.0,"turns":4.0},{"damage":12.0,"enemies":"Shell Parasite","floor":21.0,"turns":5.0},{"damage":33.0,"enemies":"Sentry and Sphere","floor":22.0,"turns":8.0},{"damage":15.0,"enemies":"Centurion and Healer","floor":24.0,"turns":5.0},{"damage":1.0,"enemies":"Gremlin Leader","floor":25.0,"turns":6.0},{"damage":9.0,"enemies":"Snake Plant","floor":27.0,"turns":5.0},{"damage":0.0,"enemies":"Slavers","floor":30.0,"turns":3.0},{"damage":46,"enemies":"Automaton","floor":33,"turns":6}],"seed_played":"8955161631760576570","potions_obtained":[{"floor":7.0,"key":"Explosive Potion"},{"floor":8.0,"key":"Block Potion"},{"floor":14.0,"key":"GamblersBrew"},{"floor":21.0,"key":"PowerPotion"},{"floor":22.0,"key":"Fire Potion"},{"floor":27.0,"key":"DistilledChaos"},{"floor":30.0,"key":"Energy Potion"}],"is_trial":false,"path_per_floor":["M","?","$","M","T","R","E","M","T","$","R","M","R","M","R","B",null,"M","?","$","M","M","R","M","E","T","M","?","R","E","$","R","B"],"character_chosen":"IRONCLAD","items_purchased":["Disarm","Sling","Wild Strike"],"campfire_rested":0,"item_purchase_floors":[20,31,31],"current_hp_per_floor":[80,80,80,80,80,80,38,44,44,44,44,50,50,56,56,7,80,80,80,80,74,47,47,38,43,43,40,40,40,46,46,46,0],"gold":19,"neow_bonus":"THREE_CARDS","is_prod":false,"is_daily":false,"chose_seed":false,"campfire_upgraded":7,"win_rate":0,"timestamp":1589465866,"path_taken":["M","?","$","M","?","R","E","M","T","$","R","?","R","M","R","BOSS","M","?","$","M","M","R","M","E","T","?","?","R","E","?","R","BOSS"],"build_version":"2020-01-27","purchased_purges":3,"victory":false,"max_hp_per_floor":[80,80,80,80,80,80,80,80,80,80,80,80,80,80,80,80,80,80,80,80,80,80,80,80,80,80,80,80,80,80,80,80,80],"card_choices":[{"not_picked":["Wild Strike","Perfected Strike"],"picked":"Uppercut","floor":0.0},{"not_picked":["Anger","Whirlwind","Flex"],"picked":"SKIP","floor":1.0},{"not_picked":["Blood for Blood","Armaments","Hemokinesis"],"picked":"SKIP","floor":4.0},{"not_picked":["Clothesline","Sword Boomerang"],"picked":"Armaments","floor":7.0},{"not_picked":["Headbutt","Anger"],"picked":"True Grit","floor":8.0},{"not_picked":["Wild Strike","Searing Blow"],"picked":"Rampage","floor":8.0},{"not_picked":["Whirlwind","Feel No Pain","Havoc"],"picked":"SKIP","floor":12.0},{"not_picked":["Reckless Charge","Havoc","Anger"],"picked":"SKIP","floor":12.0},{"not_picked":["Thunderclap","Heavy Blade","Perfected Strike"],"picked":"SKIP","floor":14.0},{"not_picked":["Twin Strike","Combust","Anger"],"picked":"SKIP","floor":14.0},{"not_picked":["Juggernaut","Barricade"],"picked":"Immolate","floor":16.0},{"not_picked":["Sword Boomerang"],"picked":"SKIP","floor":18.0},{"not_picked":["Pommel Strike"],"picked":"SKIP","floor":18.0},{"not_picked":[],"picked":"Pommel Strike","floor":21.0},{"not_picked":["Body Slam+1"],"picked":"SKIP","floor":21.0},{"not_picked":["Twin Strike"],"picked":"SKIP","floor":22.0},{"not_picked":["Flex"],"picked":"SKIP","floor":22.0},{"not_picked":[],"picked":"Shrug It Off","floor":24.0},{"not_picked":["Body Slam"],"picked":"SKIP","floor":24.0},{"not_picked":["Flex+1"],"picked":"SKIP","floor":25.0},{"not_picked":["Infernal Blade"],"picked":"SKIP","floor":27.0},{"not_picked":["Heavy Blade"],"picked":"SKIP","floor":27.0},{"not_picked":[],"picked":"Fire Breathing","floor":30.0}],"player_experience":659798,"relics_obtained":[{"floor":5.0,"key":"Smiling Mask"},{"floor":7.0,"key":"Prayer Wheel"},{"floor":9.0,"key":"Whetstone"},{"floor":25.0,"key":"Oddly Smooth Stone"},{"floor":30.0,"key":"Mercury Hourglass"}],"event_choices":[{"damage_healed":0.0,"max_hp_gain":0.0,"max_hp_loss":0.0,"gold_gain":0.0,"event_name":"Big Fish","player_choice":"Box","floor":2.0,"gold_loss":0.0,"damage_taken":0.0,"relics_obtained":["Gremlin Horn"],"cards_obtained":["Regret"]},{"damage_healed":0.0,"max_hp_gain":0.0,"max_hp_loss":0.0,"gold_gain":0.0,"event_name":"Duplicator","player_choice":"Copied","floor":19.0,"gold_loss":0.0,"damage_taken":0.0,"cards_obtained":["True Grit"]},{"cards_removed":["Strike_R"],"damage_healed":0.0,"max_hp_gain":0.0,"max_hp_loss":0.0,"gold_gain":0.0,"event_name":"Back to Basics","player_choice":"Elegance","floor":28.0,"gold_loss":0.0,"damage_taken":0.0}],"is_beta":false,"boss_relics":[{"not_picked":["Runic Dome","Mark of Pain"],"picked":"Busted Crown"}],"items_purged_floors":[3,10,20],"is_endless":false,"potions_floor_spawned":[7,8,14,21,22,27,30],"killed_by":"Automaton","ascension_level":1}