{"gold_per_floor":[118,118,135,85,45,45,63,97,97,112,138,200,56,66,66,167,167,184,58,58,58,22,22,42,59,59,59,69,69,79,79,79,176,176,186,42,54,70,86,86],"floor_reached":40,"playtime":3566,"items_purged":["Defend_R","Strike_R"],"score":398,"play_id":"694c1750-e069-4227-94af-d575e842338f","local_time":"20200517194852","is_ascension_mode":false,"campfire_choices":[{"data":"Blind","floor":6.0,"key":"SMITH"},{"data":"Limit Break","floor":15.0,"key":"SMITH"},{"data":"True Grit","floor":23.0,"key":"SMITH"},{"data":"Barricade","floor":27.0,"key":"SMITH"},{"data":"Bash","floor":29.0,"key":"SMITH"},{"data":"Rampage","floor":32.0,"key":"SMITH"}],"neow_cost":"NONE","seed_source_timestamp":0,"circlet_count":0,"master_deck":["Strike_R","Strike_R","Strike_R","Defend_R","Defend_R","Defend_R","Bash+1","Blind+1","Rampage+1","Rage","Cleave","Limit Break+1","Shrug It Off","True Grit+1","Feel No Pain","Barricade+1","CurseOfTheBell","Rampage+1","Flex","Inflame","Burning Pact","Headbutt+1"],"special_seed":0,"relics":["Burning Blood","GremlinMask","Mercury Hourglass","Bronze Scales","Vajra","MealTicket","Calling Bell","Turnip","Self Forming Clay","Tiny Chest","Bottled Lightning","Champion Belt","Busted Crown","Medical Kit"],"potions_floor_usage":[39,40],"damage_taken":[{"damage":2.0,"enemies":"Small Slimes","floor":1.0,"turns":3.0},{"damage":1.0,"enemies":"Cultist","floor":3.0,"turns":5.0},{"damage":0.0,"enemies":"2 Louse","floor":7.0,"turns":2.0},{"damage":19.0,"enemies":"Lagavulin","floor":8.0,"turns":7.0},{"damage":4.0,"enemies":"Blue Slaver","floor":10.0,"turns":4.0},{"damage":33.0,"enemies":"Gremlin Nob","floor":11.0,"turns":5.0},{"damage":14.0,"enemies":"Lagavulin Event","floor":12.0,"turns":6.0},{"damage":10.0,"enemies":"Looter","floor":14.0,"turns":2.0},{"damage":27.0,"enemies":"The Guardian","floor":16.0,"turns":10.0},{"damage":22.0,"enemies":"2 Thieves","floor":18.0,"turns":4.0},{"damage":15.0,"enemies":"Shell Parasite","floor":24.0,"turns":10.0},{"damage":14.0,"enemies":"Centurion and Healer","floor":25.0,"turns":8.0},{"damage":14.0,"enemies":"Cultist and Chosen","floor":28.0,"turns":6.0},{"damage":17.0,"enemies":"Sentry and Sphere","floor":30.0,"turns":7.0},{"damage":24.0,"enemies":"Automaton","floor":33.0,"turns":12.0},{"damage":24.0,"enemies":"Orb Walker","floor":35.0,"turns":5.0},{"damage":41.0,"enemies":"3 Darklings","floor":37.0,"turns":5.0},{"damage":16.0,"enemies":"4 Shapes","floor":38.0,"turns":5.0},{"damage":21,"enemies":"Jaw Worm Horde","floor":39,"turns":4},{"damage":21,"enemies":"Giant Head","floor":40,"turns":6}],"seed_played":"613569483941895494","potions_obtained":[{"floor":3.0,"key":"Dexterity Potion"},{"floor":7.0,"key":"FearPotion"},{"floor":12.0,"key":"Dexterity Potion"},{"floor":14.0,"key":"SneckoOil"},{"floor":24.0,"key":"BlessingOfTheForge"},{"floor":30.0,"key":"AttackPotion"},{"floor":35.0,"key":"SteroidPotion"},{"floor":38.0,"key":"BlessingOfTheForge"}],"is_trial":false,"path_per_floor":["M","?","M","?","$","R","M","E","T","M","E","?","$","M","R","B",null,"M","$","?","?","$","R","M","M","T","R","M","R","M","T","R","B",null,"M","$","M","M","M","E"],"character_chosen":"IRONCLAD","items_purchased":["Rage","Feel No Pain","Flex","Inflame","Medical Kit"],"campfire_rested":0,"item_purchase_floors":[5,13,19,22,36],"current_hp_per_floor":[80,80,80,80,80,80,80,67,67,69,42,34,49,45,45,24,80,64,79,79,79,80,80,71,63,63,63,55,55,44,44,44,26,80,62,77,42,32,17,0],"gold":86,"neow_bonus":"RANDOM_COLORLESS","is_prod":false,"is_daily":false,"chose_seed":false,"campfire_upgraded":6,"win_rate":0,"timestamp":1589716132,"path_taken":["M","?","?","?","$","R","M","E","T","M","E","?","$","M","R","BOSS","M","$","?","?","$","R","M","?","T","R","M","R","M","?","R","BOSS","M","$","M","M","M","E"],"build_version":"2020-01-27","purchased_purges":2,"victory":false,"max_hp_per_floor":[80,80,80,80,80,80,80,80,80,80,80,80,80,80,80,80,80,80,80,80,80,80,80,80,80,80,80,80,80,80,80,80,80,80,80,80,80,80,80,80],"card_choices":[{"not_picked":["Jack Of All Trades","PanicButton"],"picked":"Blind","floor":0.0},{"not_picked":["Headbutt","Thunderclap","Infernal Blade"],"picked":"SKIP","floor":1.0},{"not_picked":["Thunderclap","Heavy Blade"],"picked":"Rampage","floor":3.0},{"not_picked":["Dual Wield","Warcry"],"picked":"Cleave","floor":7.0},{"not_picked":["Shrug It Off","Battle Trance"],"picked":"Limit Break","floor":8.0},{"not_picked":["Anger","Iron Wave"],"picked":"Shrug It Off","floor":10.0},{"not_picked":["Body Slam","Blood for Blood"],"picked":"True Grit","floor":11.0},{"not_picked":["Wild Strike","Fiend Fire","Twin Strike"],"picked":"SKIP","floor":14.0},{"not_picked":["Reaper","Double Tap"],"picked":"Barricade","floor":16.0},{"not_picked":["Twin Strike+1","Sever Soul"],"picked":"Rampage+1","floor":18.0},{"not_picked":["Flex","Wild Strike"],"picked":"Burning Pact","floor":24.0},{"not_picked":["Feel No Pain","Carnage+1","Armaments"],"picked":"SKIP","floor":25.0},{"not_picked":["Twin Strike+1","Clothesline","Whirlwind"],"picked":"SKIP","floor":28.0},{"not_picked":["Body Slam","Clothesline+1","Headbutt"],"picked":"SKIP","floor":30.0},{"not_picked":[],"picked":"Headbutt+1","floor":35.0},{"not_picked":["Sword Boomerang+1"],"picked":"SKIP","floor":37.0},{"not_picked":["Intimidate"],"picked":"SKIP","floor":38.0},{"not_picked":["Flex"],"picked":"SKIP","floor":39}],"player_experience":669431,"relics_obtained":[{"floor":8.0,"key":"Mercury Hourglass"},{"floor":9.0,"key":"Bronze Scales"},{"floor":11.0,"key":"Vajra"},{"floor":12.0,"key":"MealTicket"},{"floor":17.0,"key":"Turnip"},{"floor":17.0,"key":"Self Forming Clay"},{"floor":17.0,"key":"Tiny Chest"},{"floor":26.0,"key":"Bottled Lightning"},{"floor":31.0,"key":"Champion Belt"}],"event_choices":[{"damage_healed":0.0,"max_hp_gain":0.0,"max_hp_loss":0.0,"gold_gain":0.0,"event_name":"FaceTrader","player_choice":"Trade","floor":2.0,"gold_loss":0.0,"damage_taken":0.0,"relics_obtained":["GremlinMask"]},{"cards_removed":["Strike_R"],"damage_healed":0.0,"max_hp_gain":0.0,"max_hp_loss":0.0,"gold_gain":0.0,"event_name":"The Cleric","player_choice":"Card Removal","floor":4.0,"gold_loss":50.0,"damage_taken":0.0},{"damage_healed":0.0,"max_hp_gain":0.0,"max_hp_loss":0.0,"gold_gain":30.0,"event_name":"Dead Adventurer","player_choice":"Searched \u00272\u0027 times","floor":12.0,"gold_loss":0.0,"damage_taken":0.0},{"damage_healed":0.0,"max_hp_gain":0.0,"max_hp_loss":0.0,"gold_gain":0.0,"event_name":"Ghosts","player_choice":"Ignored","floor":20.0,"gold_loss":0.0,"damage_taken":0.0},{"damage_healed":0.0,"max_hp_gain":0.0,"max_hp_loss":0.0,"gold_gain":0.0,"event_name":"NoteForYourself","player_choice":"Ignored","floor":21.0,"gold_loss":0.0,"damage_taken":0.0}],"is_beta":false,"boss_relics":[{"not_picked":["Philosopher\u0027s Stone","Runic Pyramid"],"picked":"Calling Bell"},{"not_picked":["Empty Cage","Runic Cube"],"picked":"Busted Crown"}],"items_purged_floors":[13,19],"is_endless":false,"potions_floor_spawned":[3,7,12,14,24,25,30,35,38],"killed_by":"Giant Head","ascension_level":0}