{"gold_per_floor":[118,129,229,247,263,263,263,274,274,287,287,287,312,337,337,442,442,458,128,138,165,181,181,181,96,122,122,122,133,10,10,10,114,114,132,144,97,113,127,127,140,153,205,205,57,57,102,113,113,113,113,113,113,145,145],"floor_reached":55,"playtime":4477,"items_purged":["Defend_R","Strike_R"],"score":619,"play_id":"cdf07afe-b86d-4923-aa08-96b1ecb48cb6","local_time":"20200531124921","is_ascension_mode":false,"campfire_choices":[{"data":"Entrench","floor":6.0,"key":"SMITH"},{"floor":15.0,"key":"REST"},{"data":"Uppercut","floor":23.0,"key":"SMITH"},{"data":"Blood for Blood","floor":28.0,"key":"SMITH"},{"data":"Flame Barrier","floor":32.0,"key":"SMITH"},{"floor":40,"key":"RECALL"},{"floor":44,"key":"REST"},{"floor":46,"key":"REST"},{"floor":49,"key":"REST"},{"floor":52,"key":"REST"}],"neow_cost":"NONE","seed_source_timestamp":1344822816528200,"circlet_count":0,"master_deck":["Strike_R","Strike_R","Strike_R","Defend_R+1","Defend_R","Defend_R","Bash+1","Entrench+1","Blood for Blood+1","Disarm","Intimidate","Cleave","Reaper","Flame Barrier+1","Uppercut+1","Rampage+1","Shrug It Off+1","Inflame","Thunderclap","Demon Form","Shrug It Off+1","True Grit","Second Wind+1","Evolve"],"special_seed":0,"relics":["Burning Blood","Juzu Bracelet","Eternal Feather","Turnip","PreservedInsect","Runic Cube","Orichalcum","Red Mask","War Paint","Toy Ornithopter","MealTicket","MutagenicStrength","Fusion Hammer","HandDrill","Ginger","Lantern"],"potions_floor_usage":[33,47,47,55],"damage_taken":[{"damage":0.0,"enemies":"Small Slimes","floor":1.0,"turns":3.0},{"damage":1.0,"enemies":"Cultist","floor":2.0,"turns":3.0},{"damage":10.0,"enemies":"Jaw Worm","floor":4.0,"turns":4.0},{"damage":21.0,"enemies":"Gremlin Gang","floor":5.0,"turns":6.0},{"damage":18.0,"enemies":"3 Louse","floor":8.0,"turns":5.0},{"damage":9.0,"enemies":"Blue Slaver","floor":10.0,"turns":5.0},{"damage":40.0,"enemies":"Lagavulin","floor":13.0,"turns":8.0},{"damage":47.0,"enemies":"The Guardian","floor":16.0,"turns":17.0},{"damage":28.0,"enemies":"Shell Parasite","floor":18.0,"turns":7.0},{"damage":15.0,"enemies":"Spheric Guardian","floor":20.0,"turns":6.0},{"damage":58.0,"enemies":"Masked Bandits","floor":21.0,"turns":6.0},{"damage":5.0,"enemies":"Snake Plant","floor":22.0,"turns":6.0},{"damage":22.0,"enemies":"3 Cultists","floor":29.0,"turns":5.0},{"damage":56,"enemies":"Champ","floor":33,"turns":16},{"damage":9,"enemies":"Orb Walker","floor":35,"turns":5},{"damage":40,"enemies":"3 Darklings","floor":36,"turns":6},{"damage":18,"enemies":"Spire Growth","floor":38,"turns":7},{"damage":18,"enemies":"Jaw Worm Horde","floor":39,"turns":5},{"damage":59,"enemies":"Sphere and 2 Shapes","floor":41,"turns":7},{"damage":11,"enemies":"Maw","floor":42,"turns":7},{"damage":58,"enemies":"2 Orb Walkers","floor":47,"turns":6},{"damage":15,"enemies":"3 Darklings","floor":48,"turns":5},{"damage":56,"enemies":"Time Eater","floor":50,"turns":12},{"damage":64,"enemies":"Shield and Spear","floor":54,"turns":6},{"damage":58,"enemies":"The Heart","floor":55,"turns":5}],"seed_played":"-2287119172936646037","potions_obtained":[{"floor":2.0,"key":"SpeedPotion"},{"floor":4.0,"key":"Swift Potion"},{"floor":10.0,"key":"BlessingOfTheForge"},{"floor":20.0,"key":"EssenceOfSteel"},{"floor":22.0,"key":"SteroidPotion"},{"floor":29.0,"key":"Block Potion"},{"floor":33,"key":"LiquidMemories"},{"floor":35,"key":"DistilledChaos"},{"floor":36,"key":"SpeedPotion"},{"floor":47,"key":"FearPotion"},{"floor":48,"key":"SteroidPotion"}],"is_trial":false,"path_per_floor":["M","M","?","M","M","R","?","M","T","M","?","?","E","T","R","B",null,"M","$","M","?","M","R","?","?","T","?","R","M","$","?","R","B",null,"M","M","$","M","M","R","M","M","T","R","$","R","?","M","R","B",null,"R","$","E","B"],"character_chosen":"IRONCLAD","items_purchased":["Flame Barrier","Uppercut","Orichalcum","Thunderclap","True Grit","HandDrill"],"campfire_rested":5,"item_purchase_floors":[19,19,19,30,37,45],"current_hp_per_floor":[80,80,80,76,61,61,61,49,49,46,51,51,17,17,48,7,85,69,69,66,26,31,40,40,40,40,40,49,50,65,49,58,22,90,87,81,90,78,76,88,51,59,59,90,90,90,41,73,90,58,90,90,90,56,3],"gold":145,"neow_bonus":"REMOVE_CARD","is_prod":false,"is_daily":false,"chose_seed":false,"campfire_upgraded":4,"win_rate":0,"timestamp":1590900561,"path_taken":["M","M","?","?","M","R","?","M","T","M","?","?","E","?","R","BOSS","M","$","M","?","M","R","?","?","T","?","R","M","$","?","R","BOSS","M","M","$","M","M","R","M","M","T","R","$","R","?","M","R","BOSS","R","$","E","BOSS"],"build_version":"2020-01-27","purchased_purges":2,"victory":false,"max_hp_per_floor":[80,80,80,80,80,80,80,80,80,80,85,85,85,85,85,85,85,85,85,85,85,85,85,85,85,85,85,85,85,85,90,90,90,90,90,90,90,90,90,90,90,90,90,90,90,90,90,90,90,90,90,90,90,90,90],"card_choices":[{"not_picked":["Heavy Blade","Wild Strike","Dropkick"],"picked":"SKIP","floor":1.0},{"not_picked":["Blood for Blood","Headbutt"],"picked":"Entrench","floor":2.0},{"not_picked":["Flex","Carnage"],"picked":"Blood for Blood","floor":4.0},{"not_picked":["Warcry","Clothesline"],"picked":"Disarm","floor":5.0},{"not_picked":["Dark Embrace","Infernal Blade"],"picked":"Intimidate","floor":8.0},{"not_picked":["Body Slam","Flex","Wild Strike"],"picked":"SKIP","floor":10.0},{"not_picked":["Pommel Strike","Dropkick"],"picked":"Cleave","floor":13.0},{"not_picked":["Bludgeon","Offering"],"picked":"Reaper","floor":16.0},{"not_picked":["Twin Strike","Headbutt","Pommel Strike"],"picked":"SKIP","floor":18.0},{"not_picked":["Iron Wave","Warcry"],"picked":"Rampage+1","floor":20.0},{"not_picked":["Cleave","Armaments"],"picked":"Shrug It Off","floor":21.0},{"not_picked":["Immolate","Spot Weakness"],"picked":"Inflame","floor":22.0},{"not_picked":["Sever Soul","Flex","Perfected Strike"],"picked":"SKIP","floor":29.0},{"not_picked":["Corruption","Berserk"],"picked":"Demon Form","floor":33},{"not_picked":["Twin Strike+1","Pummel+1","Body Slam"],"picked":"SKIP","floor":35},{"not_picked":["Pommel Strike+1","Disarm+1"],"picked":"Shrug It Off+1","floor":36},{"not_picked":["Rage","Entrench+1","Combust+1"],"picked":"SKIP","floor":38},{"not_picked":["Bloodletting","Iron Wave","Entrench"],"picked":"SKIP","floor":39},{"not_picked":["Anger","Whirlwind+1","Clash"],"picked":"SKIP","floor":41},{"not_picked":["Clash","Evolve+1","Disarm+1"],"picked":"SKIP","floor":42},{"not_picked":["Feed","Infernal Blade"],"picked":"Second Wind+1","floor":47},{"not_picked":["Spot Weakness+1","Iron Wave+1","Infernal Blade"],"picked":"SKIP","floor":48},{"not_picked":["Inflame","Pommel Strike+1"],"picked":"Evolve","floor":54}],"player_experience":681166,"relics_obtained":[{"floor":9.0,"key":"Eternal Feather"},{"floor":13.0,"key":"Turnip"},{"floor":14.0,"key":"PreservedInsect"},{"floor":21.0,"key":"Red Mask"},{"floor":26.0,"key":"MealTicket"},{"floor":47,"key":"Ginger"},{"floor":54,"key":"Lantern"}],"event_choices":[{"damage_healed":0.0,"max_hp_gain":0.0,"max_hp_loss":0.0,"gold_gain":100.0,"event_name":"Golden Shrine","player_choice":"Pray","floor":3.0,"gold_loss":0.0,"damage_taken":0.0},{"damage_healed":0.0,"max_hp_gain":0.0,"max_hp_loss":0.0,"gold_gain":0.0,"event_name":"WeMeetAgain","player_choice":"Gave Potion","floor":7.0,"gold_loss":0.0,"damage_taken":0.0,"relics_obtained":["Juzu Bracelet"]},{"damage_healed":0.0,"max_hp_gain":5.0,"max_hp_loss":0.0,"gold_gain":0.0,"event_name":"Big Fish","player_choice":"Donut","floor":11.0,"gold_loss":0.0,"damage_taken":0.0},{"damage_healed":0.0,"max_hp_gain":0.0,"max_hp_loss":0.0,"gold_gain":0.0,"event_name":"Living Wall","player_choice":"Grow","floor":12.0,"gold_loss":0.0,"damage_taken":0.0,"cards_upgraded":["Bash"]},{"damage_healed":0.0,"max_hp_gain":0.0,"max_hp_loss":0.0,"gold_gain":0.0,"event_name":"Masked Bandits","player_choice":"Fought Bandits","floor":21.0,"gold_loss":0.0,"damage_taken":0.0},{"damage_healed":0.0,"max_hp_gain":0.0,"max_hp_loss":0.0,"gold_gain":0.0,"event_name":"The Mausoleum","player_choice":"Opened","floor":24.0,"gold_loss":0.0,"damage_taken":0.0,"relics_obtained":["War Paint"]},{"damage_healed":0.0,"max_hp_gain":0.0,"max_hp_loss":0.0,"gold_gain":0.0,"event_name":"Addict","player_choice":"Obtained Relic","floor":25.0,"gold_loss":85.0,"damage_taken":0.0,"relics_obtained":["Toy Ornithopter"]},{"damage_healed":0.0,"max_hp_gain":0.0,"max_hp_loss":0.0,"gold_gain":0.0,"event_name":"Drug Dealer","player_choice":"Inject Mutagens","floor":27.0,"gold_loss":0.0,"damage_taken":0.0,"relics_obtained":["MutagenicStrength"]},{"damage_healed":0.0,"max_hp_gain":5.0,"max_hp_loss":0.0,"gold_gain":0.0,"event_name":"Forgotten Altar","player_choice":"Shed Blood","floor":31.0,"gold_loss":0.0,"damage_taken":21.0},{"damage_healed":0,"gold_gain":0,"player_choice":"Fight","damage_taken":0,"max_hp_gain":0,"max_hp_loss":0,"event_name":"Mysterious Sphere","floor":47,"gold_loss":0}],"is_beta":false,"boss_relics":[{"not_picked":["Calling Bell","Mark of Pain"],"picked":"Runic Cube"},{"not_picked":["SacredBark","Runic Dome"],"picked":"Fusion Hammer"}],"items_purged_floors":[19,30],"is_endless":false,"potions_floor_spawned":[2,4,10,20,22,29,33,35,36,47,48],"killed_by":"The Heart","ascension_level":0}