{"gold_per_floor":[112,127,143,143,156,156,191,208,262,4,15,33,33,51,51,155,155,170,186,186,203,87,87,97,6,6,6,41,41,41,41,41,41],"floor_reached":33,"playtime":2524,"items_purged":["Strike_R"],"score":294,"play_id":"b536f713-7684-49a8-8046-59286be8e165","local_time":"20210228211820","is_ascension_mode":false,"campfire_choices":[{"data":"True Grit","floor":6.0,"key":"SMITH"},{"floor":15.0,"key":"REST"},{"data":"Entrench","floor":23.0,"key":"SMITH"},{"floor":32,"key":"REST"}],"neow_cost":"NONE","seed_source_timestamp":125090674895400,"circlet_count":0,"master_deck":["Strike_R","Strike_R","Strike_R","Defend_R","Defend_R","Defend_R","Bludgeon+1","Dual Wield+1","Heavy Blade+1","True Grit+1","Demon Form","Flame Barrier","Burning Pact","Headbutt","Double Tap","Thunderclap","Shockwave","Exhume","Evolve","Ghostly Armor","Entrench+1","Madness"],"special_seed":0,"relics":["Astrolabe","Darkstone Periapt","Letter Opener","Centennial Puzzle","Busted Crown","White Beast Statue","Ancient Tea Set","Pear"],"potions_floor_usage":[29,33],"damage_taken":[{"damage":3.0,"enemies":"Small Slimes","floor":1.0,"turns":2.0},{"damage":6.0,"enemies":"Jaw Worm","floor":2.0,"turns":2.0},{"damage":0.0,"enemies":"Cultist","floor":3.0,"turns":2.0},{"damage":5.0,"enemies":"Looter","floor":5.0,"turns":2.0},{"damage":9.0,"enemies":"Gremlin Nob","floor":7.0,"turns":4.0},{"damage":14.0,"enemies":"Exordium Thugs","floor":8.0,"turns":5.0},{"damage":2.0,"enemies":"3 Louse","floor":11.0,"turns":5.0},{"damage":23.0,"enemies":"Large Slime","floor":12.0,"turns":6.0},{"damage":1.0,"enemies":"Looter","floor":14.0,"turns":3.0},{"damage":28.0,"enemies":"Slime Boss","floor":16.0,"turns":7.0},{"damage":8.0,"enemies":"Shell Parasite","floor":18.0,"turns":3.0},{"damage":14.0,"enemies":"Spheric Guardian","floor":19.0,"turns":4.0},{"damage":17.0,"enemies":"Shelled Parasite and Fungi","floor":21.0,"turns":4.0},{"damage":9.0,"enemies":"Snecko","floor":24.0,"turns":4.0},{"damage":54.0,"enemies":"Gremlin Leader","floor":28.0,"turns":7.0},{"damage":0,"enemies":"Masked Bandits","floor":29,"turns":1},{"damage":62,"enemies":"Champ","floor":33,"turns":10}],"seed_played":"-1185230124914402197","potions_obtained":[{"floor":1.0,"key":"PowerPotion"},{"floor":7.0,"key":"ElixirPotion"},{"floor":11.0,"key":"FearPotion"},{"floor":16.0,"key":"SmokeBomb"},{"floor":18.0,"key":"SteroidPotion"},{"floor":21.0,"key":"Weak Potion"},{"floor":28.0,"key":"Energy Potion"}],"is_trial":false,"path_per_floor":["M","M","M","?","M","R","E","M","T","$","M","M","?","M","R","B",null,"M","M","?","M","$","R","M","$","T","?","E","?","$","T","R","B"],"character_chosen":"IRONCLAD","items_purchased":["BloodPotion","Double Tap","Ghostly Armor","Entrench","Madness"],"campfire_rested":2,"item_purchase_floors":[10,10,22,22,25],"current_hp_per_floor":[77,71,71,68,63,63,54,40,40,40,54,31,37,36,61,33,86,78,64,64,47,47,47,38,38,38,66,12,12,12,22,50,0],"gold":41,"neow_bonus":"BOSS_RELIC","is_prod":false,"is_daily":false,"chose_seed":false,"campfire_upgraded":2,"win_rate":0,"timestamp":1614518300,"path_taken":["M","M","M","?","M","R","E","M","T","$","M","M","?","M","R","BOSS","M","?","?","M","$","R","M","?","T","?","E","?","$","?","R","BOSS"],"build_version":"2020-12-22","purchased_purges":1,"victory":false,"max_hp_per_floor":[80,80,80,80,80,80,80,80,80,80,80,80,86,86,86,86,86,86,86,86,86,86,86,86,86,86,86,86,86,86,96,96,96],"card_choices":[{"not_picked":["Rage","Combust","Armaments"],"picked":"SKIP","floor":1.0},{"not_picked":["Bloodletting","Iron Wave"],"picked":"True Grit","floor":2.0},{"not_picked":["Perfected Strike","Heavy Blade"],"picked":"Demon Form","floor":3.0},{"not_picked":["Second Wind","Searing Blow"],"picked":"Flame Barrier","floor":5.0},{"not_picked":["Wild Strike","Havoc"],"picked":"Burning Pact","floor":7.0},{"not_picked":["Intimidate","Spot Weakness"],"picked":"Headbutt","floor":8.0},{"not_picked":["Inflame","Infernal Blade","Sword Boomerang"],"picked":"SKIP","floor":11.0},{"not_picked":["Rupture","Pummel"],"picked":"Thunderclap","floor":12.0},{"not_picked":["Carnage","Dual Wield"],"picked":"Shockwave","floor":14.0},{"not_picked":["Double Tap","Demon Form"],"picked":"Exhume","floor":16.0},{"not_picked":[],"picked":"Evolve","floor":18.0},{"not_picked":["Perfected Strike"],"picked":"SKIP","floor":19.0},{"not_picked":["Inflame"],"picked":"SKIP","floor":21.0},{"not_picked":["Power Through"],"picked":"SKIP","floor":24.0},{"not_picked":["Dropkick"],"picked":"SKIP","floor":28.0}],"player_experience":685643,"relics_obtained":[{"floor":7.0,"key":"Letter Opener"},{"floor":9.0,"key":"Centennial Puzzle"},{"floor":26.0,"key":"White Beast Statue"},{"floor":28.0,"key":"Ancient Tea Set"},{"floor":31,"key":"Pear"}],"event_choices":[{"damage_healed":0.0,"max_hp_gain":0.0,"max_hp_loss":0.0,"gold_gain":0.0,"event_name":"Scrap Ooze","player_choice":"Success","floor":4.0,"gold_loss":0.0,"damage_taken":3.0,"relics_obtained":["Darkstone Periapt"]},{"damage_healed":0.0,"max_hp_gain":0.0,"max_hp_loss":0.0,"gold_gain":0.0,"event_name":"Wheel of Change","player_choice":"Cursed","floor":13.0,"gold_loss":0.0,"damage_taken":0.0,"cards_obtained":["Decay"]},{"cards_removed":["Decay"],"damage_healed":0.0,"max_hp_gain":0.0,"max_hp_loss":0.0,"gold_gain":0.0,"event_name":"Back to Basics","player_choice":"Elegance","floor":20.0,"gold_loss":0.0,"damage_taken":0.0},{"damage_healed":28.0,"max_hp_gain":0.0,"max_hp_loss":0.0,"gold_gain":0.0,"event_name":"The Library","player_choice":"Heal","floor":27.0,"gold_loss":0.0,"damage_taken":0.0},{"damage_healed":0,"gold_gain":0,"player_choice":"Fought Bandits","damage_taken":0,"max_hp_gain":0,"max_hp_loss":0,"event_name":"Masked Bandits","floor":29,"gold_loss":0}],"is_beta":false,"boss_relics":[{"not_picked":["Snecko Eye","Pandora\u0027s Box"],"picked":"Busted Crown"}],"items_purged_floors":[10],"is_endless":false,"potions_floor_spawned":[1,7,11,16,18,21,28,29],"killed_by":"Champ","ascension_level":0}