{"gold_per_floor":[110,122,132,132,150,150,177,177,177,212,230,15,0,18,18,119,119,134,233,233,250,275,275,304,317,367,367,399,415,432,18,18,117,117,132,145,195,195,211,211,223,223,248,268,36,49,49,69,69,69,69,69,6,36,36],"floor_reached":56,"playtime":5047,"items_purged":["Strike_R","Defend_R","Strike_R"],"score":1176,"play_id":"c95a9b1f-fa9d-4c92-876d-e789b946fc72","local_time":"20210302221339","is_ascension_mode":false,"campfire_choices":[{"data":"Shockwave","floor":6.0,"key":"SMITH"},{"data":"Bash","floor":8.0,"key":"SMITH"},{"data":"Apotheosis","floor":15.0,"key":"SMITH"},{"floor":23.0,"key":"RECALL"},{"floor":32.0,"key":"REST"},{"data":"Barricade","floor":40.0,"key":"SMITH"},{"data":"Double Tap","floor":42.0,"key":"SMITH"},{"data":"Body Slam","floor":47.0,"key":"SMITH"},{"data":"Metallicize","floor":49.0,"key":"SMITH"},{"data":"Juggernaut","floor":52.0,"key":"SMITH"}],"neow_cost":"NONE","seed_source_timestamp":298468672362200,"circlet_count":0,"master_deck":["Strike_R","Strike_R","Strike_R","Defend_R","Defend_R","Defend_R","Bash+1","Shrug It Off","Body Slam+1","Shockwave+1","Metallicize+1","Shrug It Off","Apotheosis+1","Double Tap+1","Juggernaut+1","Thunderclap","Flame Barrier+1","Flame Barrier+1","Feel No Pain","Barricade+1","Body Slam+1","Entrench+1","Entrench+1","Shame"],"special_seed":0,"relics":["Burning Blood","Pen Nib","Blue Candle","The Courier","Self Forming Clay","Cursed Key","Red Mask","Sundial","Bottled Flame","Anchor","HornCleat","Runic Pyramid","Lizard Tail","Happy Flower","Membership Card","Du-Vu Doll","Paper Frog"],"potions_floor_usage":[55,55],"damage_taken":[{"damage":6.0,"enemies":"Jaw Worm","floor":1.0,"turns":3.0},{"damage":9.0,"enemies":"Small Slimes","floor":2.0,"turns":3.0},{"damage":3.0,"enemies":"2 Louse","floor":3.0,"turns":3.0},{"damage":10.0,"enemies":"2 Fungi Beasts","floor":5.0,"turns":4.0},{"damage":27.0,"enemies":"Gremlin Nob","floor":7.0,"turns":5.0},{"damage":16.0,"enemies":"Lagavulin","floor":10.0,"turns":8.0},{"damage":9.0,"enemies":"3 Louse","floor":11.0,"turns":4.0},{"damage":0.0,"enemies":"Blue Slaver","floor":14.0,"turns":3.0},{"damage":20.0,"enemies":"The Guardian","floor":16.0,"turns":10.0},{"damage":2.0,"enemies":"Spheric Guardian","floor":18.0,"turns":4.0},{"damage":0.0,"enemies":"Chosen","floor":21.0,"turns":4.0},{"damage":15.0,"enemies":"Masked Bandits","floor":22.0,"turns":4.0},{"damage":20.0,"enemies":"Slavers","floor":24.0,"turns":6.0},{"damage":0.0,"enemies":"Snake Plant","floor":25.0,"turns":4.0},{"damage":17.0,"enemies":"Book of Stabbing","floor":28.0,"turns":5.0},{"damage":12.0,"enemies":"Sentry and Sphere","floor":29.0,"turns":6.0},{"damage":7.0,"enemies":"Snecko","floor":30.0,"turns":3.0},{"damage":45.0,"enemies":"Automaton","floor":33.0,"turns":11.0},{"damage":0.0,"enemies":"3 Darklings","floor":35.0,"turns":5.0},{"damage":0.0,"enemies":"3 Shapes","floor":36.0,"turns":6.0},{"damage":3.0,"enemies":"Mind Bloom Boss Battle","floor":37.0,"turns":6.0},{"damage":2.0,"enemies":"Spire Growth","floor":39.0,"turns":5.0},{"damage":6.0,"enemies":"Sphere and 2 Shapes","floor":41.0,"turns":6.0},{"damage":0.0,"enemies":"4 Shapes","floor":44.0,"turns":6.0},{"damage":0.0,"enemies":"3 Darklings","floor":46.0,"turns":4.0},{"damage":0.0,"enemies":"Jaw Worm Horde","floor":48.0,"turns":4.0},{"damage":35.0,"enemies":"Donu and Deca","floor":50.0,"turns":8.0},{"damage":0.0,"enemies":"Shield and Spear","floor":54.0,"turns":7.0},{"damage":66,"enemies":"The Heart","floor":55,"turns":9}],"seed_played":"-8214994108851920899","potions_obtained":[{"floor":1.0,"key":"FearPotion"},{"floor":11.0,"key":"GamblersBrew"},{"floor":14.0,"key":"GamblersBrew"},{"floor":16.0,"key":"GamblersBrew"},{"floor":25.0,"key":"SpeedPotion"},{"floor":29.0,"key":"BlessingOfTheForge"},{"floor":30.0,"key":"ColorlessPotion"},{"floor":54.0,"key":"Strength Potion"}],"is_trial":false,"path_per_floor":["M","M","M","?","M","R","E","R","T","E","M","$","?","M","R","B",null,"M","?","?","M","?","R","E","M","T","?","E","M","M","$","R","B",null,"M","M","?","?","M","R","M","R","T","M","$","M","R","M","R","B",null,"R","$","E","B",null],"character_chosen":"IRONCLAD","items_purchased":["Apotheosis","Anchor","HornCleat","Membership Card","Du-Vu Doll"],"campfire_rested":1,"item_purchase_floors":[12,31,31,45,45],"current_hp_per_floor":[80,77,80,80,76,76,55,55,55,45,42,42,42,48,48,34,80,80,80,65,71,62,62,48,54,54,54,43,37,36,36,61,22,85,85,85,85,81,81,81,81,81,81,81,81,81,81,81,81,52,81,81,81,81,21],"gold":36,"neow_bonus":"RANDOM_COMMON_RELIC","is_prod":false,"is_daily":false,"chose_seed":false,"campfire_upgraded":8,"win_rate":0,"timestamp":1614694419,"path_taken":["M","M","M","?","M","R","E","R","T","E","M","$","?","M","R","BOSS","M","?","?","M","?","R","E","M","T","?","E","M","M","$","R","BOSS","M","M","?","?","M","R","M","R","T","M","$","M","R","M","R","BOSS","R","$","E","BOSS"],"build_version":"2020-12-22","purchased_purges":3,"victory":true,"max_hp_per_floor":[80,80,80,80,80,80,80,80,80,80,80,80,80,80,80,80,80,80,80,85,85,85,85,85,85,85,85,85,85,85,85,85,85,85,85,85,85,81,81,81,81,81,81,81,81,81,81,81,81,81,81,81,81,81,81],"card_choices":[{"not_picked":["Hemokinesis","Anger","Havoc"],"picked":"SKIP","floor":1.0},{"not_picked":["Thunderclap","Body Slam"],"picked":"Shrug It Off","floor":2.0},{"not_picked":["Wild Strike","Anger"],"picked":"Body Slam","floor":3.0},{"not_picked":["Infernal Blade","Wild Strike"],"picked":"Shockwave","floor":5.0},{"not_picked":["Cleave","Bloodletting"],"picked":"Metallicize","floor":7.0},{"not_picked":["Shrug It Off","Reckless Charge","Twin Strike"],"picked":"SKIP","floor":10.0},{"not_picked":["Cleave","Perfected Strike"],"picked":"Shrug It Off","floor":11.0},{"not_picked":["True Grit","Hemokinesis"],"picked":"Double Tap","floor":14.0},{"not_picked":["Corruption","Berserk"],"picked":"Juggernaut","floor":16.0},{"not_picked":["Clothesline","True Grit"],"picked":"Thunderclap","floor":18.0},{"not_picked":["Twin Strike+1","Bloodletting","Anger"],"picked":"SKIP","floor":21.0},{"not_picked":["Bloodletting","Pommel Strike+1"],"picked":"Flame Barrier+1","floor":22.0},{"not_picked":["Sword Boomerang","Feed","Heavy Blade"],"picked":"SKIP","floor":24.0},{"not_picked":["Havoc","Clash","Thunderclap+1"],"picked":"SKIP","floor":25.0},{"not_picked":["Dual Wield+1","Reckless Charge"],"picked":"Flame Barrier+1","floor":28.0},{"not_picked":["Rampage","Clash","Infernal Blade"],"picked":"SKIP","floor":29.0},{"not_picked":["Thunderclap","Havoc"],"picked":"Feel No Pain","floor":30.0},{"not_picked":["Juggernaut","Immolate"],"picked":"Barricade","floor":33.0},{"not_picked":["Shrug It Off","Bloodletting+1","Havoc+1"],"picked":"SKIP","floor":35.0},{"not_picked":["Clash","Carnage+1"],"picked":"Body Slam+1","floor":36.0},{"not_picked":["Pommel Strike","Clash"],"picked":"Entrench+1","floor":39.0},{"not_picked":["True Grit","Blood for Blood"],"picked":"Entrench+1","floor":41.0},{"not_picked":["Heavy Blade","Havoc+1","Rage"],"picked":"SKIP","floor":44.0},{"not_picked":["Clash","Power Through","Perfected Strike"],"picked":"SKIP","floor":46.0},{"not_picked":["Flex","Armaments+1","Brutality"],"picked":"SKIP","floor":48.0},{"not_picked":["Bloodletting","Shrug It Off","Exhume"],"picked":"SKIP","floor":54.0}],"player_experience":688167,"relics_obtained":[{"floor":7.0,"key":"Blue Candle"},{"floor":9.0,"key":"The Courier"},{"floor":10.0,"key":"Self Forming Clay"},{"floor":22.0,"key":"Red Mask"},{"floor":24.0,"key":"Sundial"},{"floor":28.0,"key":"Bottled Flame"},{"floor":37.0,"key":"Lizard Tail"},{"floor":43.0,"key":"Happy Flower"},{"floor":54.0,"key":"Paper Frog"}],"event_choices":[{"damage_healed":0.0,"max_hp_gain":0.0,"max_hp_loss":0.0,"gold_gain":0.0,"event_name":"Liars Game","player_choice":"Ignored","floor":4.0,"gold_loss":0.0,"damage_taken":0.0},{"damage_healed":0.0,"max_hp_gain":0.0,"max_hp_loss":0.0,"gold_gain":0.0,"event_name":"World of Goop","player_choice":"Left Gold","floor":13.0,"gold_loss":15.0,"damage_taken":0.0},{"damage_healed":0.0,"max_hp_gain":0.0,"max_hp_loss":0.0,"gold_gain":99.0,"event_name":"Nest","player_choice":"Stole From Cult","floor":19.0,"gold_loss":0.0,"damage_taken":0.0},{"damage_healed":0.0,"max_hp_gain":5.0,"max_hp_loss":0.0,"gold_gain":0.0,"event_name":"Forgotten Altar","player_choice":"Shed Blood","floor":20.0,"gold_loss":0.0,"damage_taken":20.0},{"damage_healed":0.0,"max_hp_gain":0.0,"max_hp_loss":0.0,"gold_gain":0.0,"event_name":"Masked Bandits","player_choice":"Fought Bandits","floor":22.0,"gold_loss":0.0,"damage_taken":0.0},{"cards_removed":["Writhe"],"damage_healed":0.0,"max_hp_gain":0.0,"max_hp_loss":0.0,"gold_gain":0.0,"event_name":"Back to Basics","player_choice":"Elegance","floor":27.0,"gold_loss":0.0,"damage_taken":0.0},{"damage_healed":0.0,"max_hp_gain":0.0,"max_hp_loss":0.0,"gold_gain":0.0,"event_name":"MindBloom","player_choice":"Fight","floor":37.0,"gold_loss":0.0,"damage_taken":0.0},{"damage_healed":0.0,"max_hp_gain":0.0,"max_hp_loss":4.0,"gold_gain":0.0,"event_name":"Winding Halls","player_choice":"Max HP","floor":38.0,"gold_loss":0.0,"damage_taken":0.0}],"is_beta":false,"boss_relics":[{"not_picked":["Astrolabe","Runic Cube"],"picked":"Cursed Key"},{"not_picked":["Tiny House","SlaversCollar"],"picked":"Runic Pyramid"}],"items_purged_floors":[12,31,53],"is_endless":false,"potions_floor_spawned":[1,11,14,16,22,25,29,30,35,37,44,54],"ascension_level":0}