{"gold_per_floor":[118,135,135,310,12,42,55,55,106,106,118,146,146,55,55,158,158,176,192,36,51,68,98,117,135,135,135,135,135,148,160,160,260,260,272,287,287,307,317,317,331,357,411,440,62,62,112,122,122,122,122,122,122,153,153],"floor_reached":56,"playtime":5725,"items_purged":["Doubt"],"score":1216,"play_id":"a7d39e77-b44e-4bb1-bdbb-ed56f9de90df","local_time":"20210313224310","is_ascension_mode":false,"campfire_choices":[{"data":"Intimidate","floor":8.0,"key":"SMITH"},{"data":"Havoc","floor":13.0,"key":"SMITH"},{"data":"Bash","floor":15.0,"key":"SMITH"},{"data":"Reaper","floor":27.0,"key":"SMITH"},{"data":"Barricade","floor":32.0,"key":"SMITH"},{"data":"Limit Break","floor":40.0,"key":"SMITH"},{"floor":46.0,"key":"RECALL"},{"data":"Impatience","floor":49.0,"key":"SMITH"},{"data":"Shrug It Off","floor":52.0,"key":"SMITH"}],"neow_cost":"NONE","seed_source_timestamp":101698985970700,"circlet_count":0,"master_deck":["Strike_R+1","Strike_R+1","Strike_R+1","Defend_R+1","Defend_R+1","Defend_R+1","Defend_R+1","Bash+1","Thunderclap","Intimidate+1","Havoc+1","Fire Breathing","Impatience+1","Reaper+1","Evolve+1","Spot Weakness+1","Shrug It Off+1","Intimidate+1","Barricade+1","Limit Break+1","Heavy Blade+1","Warcry+1","Battle Trance","Disarm","Impervious"],"special_seed":0,"relics":["Burning Blood","NeowsBlessing","Strange Spoon","Nunchaku","Red Skull","Ancient Tea Set","Pen Nib","Mark of Pain","Sling","Matryoshka","Mercury Hourglass","Bottled Tornado","Sozu","Dream Catcher","Anchor","The Courier","Strawberry","Bottled Lightning","Calipers","Orichalcum"],"potions_floor_usage":[55],"damage_taken":[{"damage":0.0,"enemies":"Small Slimes","floor":1.0,"turns":1.0},{"damage":0.0,"enemies":"2 Louse","floor":2.0,"turns":1.0},{"damage":0.0,"enemies":"Lagavulin","floor":6.0,"turns":1.0},{"damage":6.0,"enemies":"Jaw Worm","floor":7.0,"turns":4.0},{"damage":0.0,"enemies":"Lots of Slimes","floor":11.0,"turns":4.0},{"damage":2.0,"enemies":"Gremlin Nob","floor":12.0,"turns":4.0},{"damage":44.0,"enemies":"The Guardian","floor":16.0,"turns":13.0},{"damage":11.0,"enemies":"3 Byrds","floor":18.0,"turns":6.0},{"damage":10.0,"enemies":"Chosen","floor":19.0,"turns":4.0},{"damage":60.0,"enemies":"Sentry and Sphere","floor":21.0,"turns":7.0},{"damage":16.0,"enemies":"Snecko","floor":22.0,"turns":7.0},{"damage":40.0,"enemies":"Slavers","floor":23.0,"turns":4.0},{"damage":14.0,"enemies":"Centurion and Healer","floor":24.0,"turns":3.0},{"damage":5.0,"enemies":"Cultist and Chosen","floor":25.0,"turns":4.0},{"damage":7.0,"enemies":"Snake Plant","floor":30.0,"turns":3.0},{"damage":0.0,"enemies":"Chosen and Byrds","floor":31.0,"turns":5.0},{"damage":33.0,"enemies":"Automaton","floor":33.0,"turns":10.0},{"damage":23.0,"enemies":"3 Darklings","floor":35.0,"turns":4.0},{"damage":1.0,"enemies":"3 Shapes","floor":36.0,"turns":3.0},{"damage":25.0,"enemies":"3 Darklings","floor":38.0,"turns":4.0},{"damage":15.0,"enemies":"Jaw Worm Horde","floor":39.0,"turns":4.0},{"damage":4.0,"enemies":"Spire Growth","floor":41.0,"turns":5.0},{"damage":34.0,"enemies":"Reptomancer","floor":42.0,"turns":6.0},{"damage":42.0,"enemies":"Nemesis","floor":44.0,"turns":7.0},{"damage":14.0,"enemies":"Mind Bloom Boss Battle","floor":47.0,"turns":6.0},{"damage":0.0,"enemies":"Sphere and 2 Shapes","floor":48.0,"turns":3.0},{"damage":130.0,"enemies":"Time Eater","floor":50.0,"turns":15.0},{"damage":46.0,"enemies":"Shield and Spear","floor":54.0,"turns":4.0},{"damage":34,"enemies":"The Heart","floor":55,"turns":11}],"seed_played":"1431068732281181860","potions_obtained":[{"floor":1.0,"key":"FearPotion"},{"floor":2.0,"key":"SkillPotion"},{"floor":7.0,"key":"EssenceOfSteel"},{"floor":12.0,"key":"Weak Potion"},{"floor":21.0,"key":"HeartOfIron"},{"floor":24.0,"key":"Energy Potion"},{"floor":33.0,"key":"LiquidBronze"}],"is_trial":false,"path_per_floor":["M","M","?","?","$","E","M","R","T","?","M","E","R","$","R","B",null,"M","M","$","M","M","E","M","M","T","R","?","?","M","M","R","B",null,"M","M","?","M","M","R","M","E","T","E","$","R","?","M","R","B",null,"R","$","E","B",null],"character_chosen":"IRONCLAD","items_purchased":["Strange Spoon","Intimidate","Impatience","Sling","Strawberry","Bottled Lightning","Battle Trance"],"campfire_rested":0,"item_purchase_floors":[5,5,14,20,45,45,45],"current_hp_per_floor":[80,80,73,73,73,79,79,79,79,79,80,80,80,80,80,42,80,75,80,80,36,36,20,12,29,29,29,29,29,49,62,62,53,80,80,80,80,80,80,80,80,80,80,73,80,80,85,87,87,30,87,87,87,47,35],"gold":153,"neow_bonus":"THREE_ENEMY_KILL","is_prod":false,"is_daily":false,"chose_seed":false,"campfire_upgraded":8,"win_rate":0,"timestamp":1615646590,"path_taken":["M","M","?","?","$","E","M","R","T","?","M","E","R","$","R","BOSS","M","M","?","M","M","E","M","M","T","R","?","?","M","M","R","BOSS","M","M","?","M","M","R","M","E","T","E","$","R","?","M","R","BOSS","R","$","E","BOSS"],"build_version":"2020-12-22","purchased_purges":1,"victory":true,"max_hp_per_floor":[80,80,80,80,80,80,80,80,80,80,80,80,80,80,80,80,80,80,80,80,80,80,80,80,80,80,80,80,80,80,80,80,80,80,80,80,80,80,80,80,80,80,80,80,87,87,87,87,87,87,87,87,87,87,87],"card_choices":[{"not_picked":["Feel No Pain","Infernal Blade","Iron Wave"],"picked":"SKIP","floor":1.0},{"not_picked":["Heavy Blade","Rupture"],"picked":"Thunderclap","floor":2.0},{"not_picked":["Anger","Hemokinesis","Dropkick"],"picked":"SKIP","floor":6.0},{"not_picked":["Juggernaut","Thunderclap","Bloodletting"],"picked":"SKIP","floor":7.0},{"not_picked":["Anger","Headbutt"],"picked":"Havoc","floor":11.0},{"not_picked":["Heavy Blade","Searing Blow"],"picked":"Fire Breathing","floor":12.0},{"not_picked":["Feed","Limit Break"],"picked":"Reaper","floor":16.0},{"not_picked":["Feel No Pain","Headbutt"],"picked":"Evolve+1","floor":18.0},{"not_picked":["Clothesline+1","True Grit","Twin Strike"],"picked":"SKIP","floor":19.0},{"not_picked":["Thunderclap","Infernal Blade"],"picked":"Spot Weakness+1","floor":21.0},{"not_picked":["Flex","Inflame","Cleave"],"picked":"SKIP","floor":22.0},{"not_picked":["Heavy Blade","Flex","Clothesline"],"picked":"SKIP","floor":23.0},{"not_picked":["Fire Breathing+1","Metallicize"],"picked":"Shrug It Off","floor":24.0},{"not_picked":["Warcry","Pommel Strike"],"picked":"Intimidate+1","floor":25.0},{"not_picked":["Ghostly Armor","Iron Wave+1"],"picked":"Barricade","floor":30.0},{"not_picked":["Flex","Pommel Strike+1","Headbutt+1"],"picked":"SKIP","floor":31.0},{"not_picked":["Demon Form","Brutality"],"picked":"Limit Break","floor":33.0},{"not_picked":["Rupture","Warcry","Dropkick+1"],"picked":"SKIP","floor":35.0},{"not_picked":["Armaments","Wild Strike+1","Anger"],"picked":"SKIP","floor":36.0},{"not_picked":["Reckless Charge+1","Sword Boomerang","Sentinel"],"picked":"SKIP","floor":38.0},{"not_picked":["Havoc+1","Flex"],"picked":"Heavy Blade+1","floor":39.0},{"not_picked":["Havoc","Warcry+1","Sever Soul"],"picked":"SKIP","floor":41.0},{"not_picked":["Wild Strike+1","Sever Soul","Searing Blow+1"],"picked":"SKIP","floor":42.0},{"not_picked":["Hemokinesis+1","Feel No Pain+1"],"picked":"Warcry+1","floor":44.0},{"not_picked":["Dropkick","Shrug It Off"],"picked":"Disarm","floor":47.0},{"not_picked":["Warcry","Spot Weakness","Immolate"],"picked":"SKIP","floor":48.0},{"not_picked":["Clash","Shrug It Off"],"picked":"Impervious","floor":54.0}],"player_experience":693214,"relics_obtained":[{"floor":6.0,"key":"Nunchaku"},{"floor":9.0,"key":"Red Skull"},{"floor":12.0,"key":"Pen Nib"},{"floor":23.0,"key":"Matryoshka"},{"floor":26.0,"key":"Mercury Hourglass"},{"floor":26.0,"key":"Bottled Tornado"},{"floor":42.0,"key":"Dream Catcher"},{"floor":43.0,"key":"Anchor"},{"floor":44.0,"key":"The Courier"},{"floor":47.0,"key":"Calipers"},{"floor":54.0,"key":"Orichalcum"}],"event_choices":[{"cards_removed":["Strike_R"],"damage_healed":0.0,"max_hp_gain":0.0,"max_hp_loss":0.0,"gold_gain":0.0,"event_name":"Golden Wing","player_choice":"Card Removal","floor":3.0,"gold_loss":0.0,"damage_taken":7.0},{"damage_healed":0.0,"max_hp_gain":0.0,"max_hp_loss":0.0,"gold_gain":175.0,"event_name":"Liars Game","player_choice":"AGREE","floor":4.0,"gold_loss":0.0,"damage_taken":0.0,"cards_obtained":["Doubt"]},{"damage_healed":0.0,"max_hp_gain":0.0,"max_hp_loss":0.0,"gold_gain":0.0,"event_name":"WeMeetAgain","player_choice":"Gave Potion","floor":10.0,"gold_loss":0.0,"damage_taken":0.0,"relics_obtained":["Ancient Tea Set"]},{"damage_healed":0.0,"max_hp_gain":0.0,"max_hp_loss":0.0,"gold_gain":0.0,"event_name":"Ghosts","player_choice":"Ignored","floor":28.0,"gold_loss":0.0,"damage_taken":0.0},{"damage_healed":0.0,"max_hp_gain":0.0,"max_hp_loss":0.0,"gold_gain":0.0,"event_name":"Back to Basics","player_choice":"Simplicity","floor":29.0,"gold_loss":0.0,"damage_taken":0.0,"cards_upgraded":["Strike_R","Strike_R","Strike_R","Strike_R","Defend_R","Defend_R","Defend_R","Defend_R"]},{"cards_removed":["Strike_R"],"damage_healed":0.0,"max_hp_gain":0.0,"max_hp_loss":0.0,"gold_gain":0.0,"event_name":"Falling","player_choice":"Removed Attack","floor":37.0,"gold_loss":0.0,"damage_taken":0.0},{"damage_healed":0.0,"max_hp_gain":0.0,"max_hp_loss":0.0,"gold_gain":0.0,"event_name":"MindBloom","player_choice":"Fight","floor":47.0,"gold_loss":0.0,"damage_taken":0.0}],"is_beta":false,"boss_relics":[{"not_picked":["Fusion Hammer","Philosopher\u0027s Stone"],"picked":"Mark of Pain"},{"not_picked":["Runic Cube","Black Blood"],"picked":"Sozu"}],"items_purged_floors":[5],"is_endless":false,"potions_floor_spawned":[1,2,7,12,21,24,33,38,41,42,44,48,54],"ascension_level":0}