{"gold_per_floor":[111,125,141,153,164,164,178,203,203,203,231,81,81,92,92,194,194,210,226,226,126,126,153,153,78,125,158,132,149,179,193,193,294,294,305,315,331,382,138,163,180,210,210,226,226,226,241,259,259,259,259,259,115,143,143],"floor_reached":55,"playtime":5715,"items_purged":["Strike_R","Defend_R"],"score":826,"play_id":"a85ef925-b891-4a79-9e49-e28f339906af","local_time":"20210322223100","is_ascension_mode":false,"campfire_choices":[{"data":"Bash","floor":6,"key":"SMITH"},{"data":"Madness","floor":10,"key":"SMITH"},{"data":"Carnage","floor":13,"key":"SMITH"},{"data":"Metallicize","floor":15,"key":"SMITH"},{"data":"Feed","floor":24,"key":"SMITH"},{"data":"Reaper","floor":32,"key":"SMITH"},{"floor":46,"key":"RECALL"},{"data":"Barricade","floor":49,"key":"SMITH"},{"data":"Fire Breathing","floor":52,"key":"SMITH"}],"neow_cost":"NONE","seed_source_timestamp":878996274254400,"circlet_count":0,"master_deck":["Strike_R","Strike_R","Defend_R","Defend_R","Defend_R","Bash+1","Madness+1","Shrug It Off","Carnage+1","Blood for Blood","Feed+1","Metallicize+1","Exhume","Intimidate+1","Ghostly","Ghostly","Ghostly","Ghostly","Ghostly","Fire Breathing+1","Cleave","Reaper+1","Evolve+1","Barricade+1","PanicButton","Regret","Parasite","Carnage+1"],"relics":["Burning Blood","Sundial","Red Skull","Mark of Pain","Boot","Lantern","Self Forming Clay","Mercury Hourglass","Cursed Key","Thread and Needle","Pen Nib","Shovel","Orichalcum","Vajra","Anchor","Blood Vial"],"potions_floor_usage":[7,8,8,18,27,27,40,55,55],"damage_taken":[{"damage":11,"enemies":"Small Slimes","floor":1,"turns":4},{"damage":6,"enemies":"Jaw Worm","floor":2,"turns":4},{"damage":0,"enemies":"2 Louse","floor":3,"turns":3},{"damage":12,"enemies":"Looter","floor":4,"turns":3},{"damage":0,"enemies":"Large Slime","floor":5,"turns":5},{"damage":2,"enemies":"Exordium Wildlife","floor":7,"turns":3},{"damage":6,"enemies":"Gremlin Nob","floor":8,"turns":4},{"damage":28,"enemies":"3 Sentries","floor":11,"turns":7},{"damage":2,"enemies":"Looter","floor":14,"turns":4},{"damage":25,"enemies":"Slime Boss","floor":16,"turns":12},{"damage":21,"enemies":"3 Byrds","floor":18,"turns":4},{"damage":0,"enemies":"Chosen","floor":19,"turns":6},{"damage":18,"enemies":"Slavers","floor":23,"turns":10},{"damage":4,"enemies":"Gremlin Leader","floor":27,"turns":7},{"damage":27,"enemies":"3 Cultists","floor":29,"turns":7},{"damage":3,"enemies":"Book of Stabbing","floor":30,"turns":6},{"damage":3,"enemies":"Snake Plant","floor":31,"turns":5},{"damage":17,"enemies":"Automaton","floor":33,"turns":10},{"damage":14,"enemies":"3 Darklings","floor":35,"turns":6},{"damage":2,"enemies":"Orb Walker","floor":36,"turns":5},{"damage":5,"enemies":"Maw","floor":37,"turns":9},{"damage":2,"enemies":"2 Orb Walkers","floor":38,"turns":6},{"damage":5,"enemies":"Reptomancer","floor":40,"turns":7},{"damage":0,"enemies":"Transient","floor":41,"turns":5},{"damage":0,"enemies":"Nemesis","floor":42,"turns":8},{"damage":5,"enemies":"Sphere and 2 Shapes","floor":44,"turns":5},{"damage":8,"enemies":"Maw","floor":47,"turns":9},{"damage":2,"enemies":"Writhing Mass","floor":48,"turns":7},{"damage":27,"enemies":"Donu and Deca","floor":50,"turns":11},{"damage":1,"enemies":"Shield and Spear","floor":54,"turns":8},{"damage":84,"enemies":"The Heart","floor":55,"turns":11}],"seed_played":"-9028891682929252098","potions_obtained":[{"floor":1,"key":"DuplicationPotion"},{"floor":4,"key":"PowerPotion"},{"floor":7,"key":"SkillPotion"},{"floor":11,"key":"Regen Potion"},{"floor":16,"key":"PowerPotion"},{"floor":19,"key":"SneckoOil"},{"floor":23,"key":"Fire Potion"},{"floor":29,"key":"Strength Potion"},{"floor":31,"key":"Block Potion"},{"floor":37,"key":"Block Potion"},{"floor":42,"key":"ElixirPotion"},{"floor":48,"key":"Regen Potion"}],"is_trial":false,"path_per_floor":["M","M","M","M","M","R","M","E","T","R","E","$","R","M","R","B",null,"M","M","?","$","?","E","R","?","T","E","$","M","E","M","R","B",null,"M","M","M","?","$","E","M","E","T","M","?","R","M","M","R","B",null,"R","$","E","B"],"character_chosen":"IRONCLAD","items_purchased":["Metallicize","Cleave","PanicButton","Pen Nib","Anchor"],"campfire_rested":0,"item_purchase_floors":[12,28,39,39,53],"current_hp_per_floor":[75,75,80,74,80,80,80,80,80,80,61,61,61,68,68,49,86,71,80,44,44,44,32,32,32,32,48,48,27,30,33,33,27,48,41,52,56,56,56,60,60,60,60,60,60,60,64,68,68,47,68,68,68,72,0],"gold":143,"neow_bonus":"RANDOM_COLORLESS","is_prod":false,"is_daily":false,"chose_seed":false,"campfire_upgraded":8,"win_rate":0,"timestamp":1616423460,"path_taken":["M","M","M","M","M","R","M","E","T","R","E","$","R","M","R","BOSS","M","M","?","?","?","E","R","?","T","E","$","M","E","M","R","BOSS","M","M","M","?","$","E","M","E","T","M","?","R","M","M","R","BOSS","R","$","E","BOSS"],"build_version":"2020-12-22","purchased_purges":2,"victory":false,"max_hp_per_floor":[80,80,80,80,80,80,80,80,80,80,83,83,83,86,86,86,86,86,89,44,44,44,44,44,44,44,48,48,48,48,48,48,48,48,48,52,56,56,56,60,60,60,60,60,60,60,64,68,68,68,68,68,68,72,72],"card_choices":[{"not_picked":["Mind Blast","Swift Strike"],"picked":"Madness","floor":0},{"not_picked":["Thunderclap","Havoc","Dropkick"],"picked":"SKIP","floor":1},{"not_picked":["Battle Trance","Twin Strike"],"picked":"Shrug It Off","floor":2},{"not_picked":["Pommel Strike","Twin Strike"],"picked":"Carnage","floor":3},{"not_picked":["Flex","Shockwave"],"picked":"Blood for Blood","floor":4},{"not_picked":["Pummel","Blood for Blood","Perfected Strike"],"picked":"SKIP","floor":5},{"not_picked":["Rampage","Clothesline","Thunderclap"],"picked":"SKIP","floor":7},{"not_picked":["Clash","Warcry"],"picked":"Feed","floor":8},{"not_picked":["Armaments","Dropkick","Disarm"],"picked":"SKIP","floor":11},{"not_picked":["Heavy Blade","Blood for Blood","Twin Strike"],"picked":"SKIP","floor":14},{"not_picked":["Impervious","Double Tap"],"picked":"Exhume","floor":16},{"not_picked":["Pommel Strike","Havoc"],"picked":"Intimidate+1","floor":18},{"not_picked":["Iron Wave+1","Armaments","Infernal Blade"],"picked":"SKIP","floor":19},{"not_picked":["Clash","Iron Wave","Headbutt+1"],"picked":"SKIP","floor":23},{"not_picked":["Feed","Intimidate"],"picked":"Fire Breathing","floor":27},{"not_picked":["Armaments","Iron Wave+1","Rage"],"picked":"SKIP","floor":29},{"not_picked":["Wild Strike+1","Reaper","Body Slam"],"picked":"SKIP","floor":30},{"not_picked":["Wild Strike+1","Body Slam"],"picked":"Reaper","floor":30},{"not_picked":["Sword Boomerang","Flex"],"picked":"Evolve+1","floor":31},{"not_picked":["Demon Form","Immolate"],"picked":"Barricade","floor":33},{"not_picked":["Disarm","Heavy Blade","Ghostly Armor"],"picked":"SKIP","floor":35},{"not_picked":["Dropkick+1","Body Slam","Blood for Blood+1"],"picked":"SKIP","floor":36},{"not_picked":["Whirlwind","Infernal Blade+1","Dark Embrace"],"picked":"SKIP","floor":37},{"not_picked":["Whirlwind","Infernal Blade+1","Dark Embrace"],"picked":"SKIP","floor":37},{"not_picked":["Barricade","Second Wind","Burning Pact+1"],"picked":"SKIP","floor":40},{"not_picked":["Cleave","True Grit+1","Carnage"],"picked":"SKIP","floor":41},{"not_picked":["Cleave","True Grit+1","Carnage"],"picked":"SKIP","floor":41},{"not_picked":["Seeing Red","Immolate","Havoc+1"],"picked":"SKIP","floor":42},{"not_picked":["Headbutt","Pommel Strike","Heavy Blade"],"picked":"SKIP","floor":44},{"not_picked":["Metallicize","Pommel Strike+1","Feel No Pain"],"picked":"SKIP","floor":47},{"not_picked":["Second Wind","Sword Boomerang"],"picked":"Carnage+1","floor":48},{"not_picked":["Combust","Body Slam+1","Thunderclap"],"picked":"SKIP","floor":54}],"player_experience":698939,"relics_obtained":[{"floor":8,"key":"Sundial"},{"floor":11,"key":"Red Skull"},{"floor":23,"key":"Boot"},{"floor":26,"key":"Lantern"},{"floor":27,"key":"Self Forming Clay"},{"floor":30,"key":"Mercury Hourglass"},{"floor":38,"key":"Thread and Needle"},{"floor":40,"key":"Shovel"},{"floor":42,"key":"Orichalcum"},{"floor":43,"key":"Vajra"},{"floor":54,"key":"Blood Vial"}],"event_choices":[{"damage_healed":0,"gold_gain":0,"player_choice":"Became a Ghost","damage_taken":0,"max_hp_gain":0,"max_hp_loss":45,"event_name":"Ghosts","floor":20,"gold_loss":0,"cards_obtained":["Ghostly","Ghostly","Ghostly","Ghostly","Ghostly"]},{"cards_removed":["Strike_R"],"damage_healed":0,"gold_gain":0,"player_choice":"Elegance","damage_taken":0,"max_hp_gain":0,"max_hp_loss":0,"event_name":"Back to Basics","floor":22,"gold_loss":0},{"cards_removed":["Strike_R"],"damage_healed":0,"gold_gain":0,"player_choice":"Gave Gold","damage_taken":0,"max_hp_gain":0,"max_hp_loss":0,"event_name":"Beggar","floor":25,"gold_loss":75},{"damage_healed":0,"gold_gain":0,"player_choice":"Fight","damage_taken":0,"max_hp_gain":0,"max_hp_loss":0,"event_name":"Mysterious Sphere","floor":38,"gold_loss":0},{"damage_healed":0,"gold_gain":0,"player_choice":"Memory 1","damage_taken":0,"max_hp_gain":0,"max_hp_loss":0,"event_name":"SensoryStone","floor":45,"gold_loss":0}],"is_beta":false,"boss_relics":[{"not_picked":["Runic Cube","Ectoplasm"],"picked":"Mark of Pain"},{"not_picked":["Empty Cage","Velvet Choker"],"picked":"Cursed Key"}],"items_purged_floors":[12,21],"is_endless":false,"potions_floor_spawned":[1,4,7,11,16,19,23,29,31,37,38,42,48,54],"killed_by":"The Heart","ascension_level":0}