{"gold_per_floor":[111,186,205,205,205,205,220,255,255,255,274,274,288,301,301,403,403,417,402,327,352,352,352,8,20,47,80,96,127,0,10,10,109,109,124,124,124,141,155,155,189,189,189,202,228,242,260,260,260,260],"floor_reached":50,"playtime":4318,"items_purged":["Strike_R","Strike_R"],"score":621,"play_id":"99151b1b-10c3-47b2-9ba7-129c334e4128","local_time":"20210406231339","is_ascension_mode":false,"campfire_choices":[{"data":"Bash","floor":6.0,"key":"SMITH"},{"data":"Flex","floor":10.0,"key":"SMITH"},{"data":"Uppercut","floor":12.0,"key":"SMITH"},{"data":"Clash","floor":15.0,"key":"SMITH"},{"floor":23.0,"key":"REST"},{"floor":32.0,"key":"REST"},{"floor":40.0,"key":"RECALL"},{"data":"Dual Wield","floor":42.0,"key":"SMITH"},{"floor":49,"key":"REST"}],"neow_cost":"PERCENT_DAMAGE","seed_source_timestamp":0,"circlet_count":0,"master_deck":["Strike_R+1","Strike_R+1","Defend_R","Defend_R","Defend_R","Defend_R","Bash+1","Flex+1","Clash+1","Uppercut+1","Feel No Pain","Impervious","Intimidate","Metallicize+1","Shrug It Off","Rampage","Dual Wield+1","Pummel","Cleave","Wild Strike","Fiend Fire","Dramatic Entrance","Shame","Carnage"],"special_seed":0,"relics":["Burning Blood","Mango","Kunai","Whetstone","Prayer Wheel","Busted Crown","Red Mask","Medical Kit","Orichalcum","Mummified Hand","Thread and Needle","Cursed Key","Boot","Calipers"],"potions_floor_usage":[45,48],"damage_taken":[{"damage":5.0,"enemies":"Cultist","floor":1.0,"turns":4.0},{"damage":1.0,"enemies":"Jaw Worm","floor":3.0,"turns":3.0},{"damage":5.0,"enemies":"Small Slimes","floor":7.0,"turns":3.0},{"damage":30.0,"enemies":"Lagavulin","floor":8.0,"turns":7.0},{"damage":1.0,"enemies":"3 Louse","floor":11.0,"turns":3.0},{"damage":6.0,"enemies":"Large Slime","floor":13.0,"turns":4.0},{"damage":0.0,"enemies":"Blue Slaver","floor":14.0,"turns":3.0},{"damage":0.0,"enemies":"Slime Boss","floor":16.0,"turns":7.0},{"damage":17.0,"enemies":"Spheric Guardian","floor":18.0,"turns":4.0},{"damage":14.0,"enemies":"2 Thieves","floor":19.0,"turns":4.0},{"damage":28.0,"enemies":"Masked Bandits","floor":21.0,"turns":7.0},{"damage":12.0,"enemies":"Snake Plant","floor":25.0,"turns":6.0},{"damage":31.0,"enemies":"Slavers","floor":27.0,"turns":8.0},{"damage":2.0,"enemies":"Centurion and Healer","floor":28.0,"turns":8.0},{"damage":24.0,"enemies":"Gremlin Leader","floor":29.0,"turns":9.0},{"damage":0.0,"enemies":"Snecko","floor":31.0,"turns":5.0},{"damage":27.0,"enemies":"Collector","floor":33.0,"turns":13.0},{"damage":31.0,"enemies":"3 Darklings","floor":35.0,"turns":7.0},{"damage":0.0,"enemies":"3 Shapes","floor":38.0,"turns":3.0},{"damage":8.0,"enemies":"Sphere and 2 Shapes","floor":39.0,"turns":6.0},{"damage":24.0,"enemies":"Nemesis","floor":41.0,"turns":9.0},{"damage":15.0,"enemies":"Jaw Worm Horde","floor":44.0,"turns":4.0},{"damage":32,"enemies":"Giant Head","floor":45,"turns":10},{"damage":4,"enemies":"Writhing Mass","floor":46,"turns":8},{"damage":17,"enemies":"Sphere and 2 Shapes","floor":47,"turns":6},{"damage":0,"enemies":"Transient","floor":48,"turns":1},{"damage":53,"enemies":"Time Eater","floor":50,"turns":7}],"seed_played":"-8116344380198372178","potions_obtained":[{"floor":7.0,"key":"Energy Potion"},{"floor":8.0,"key":"Fire Potion"},{"floor":11.0,"key":"CultistPotion"},{"floor":14.0,"key":"Strength Potion"},{"floor":25.0,"key":"GamblersBrew"},{"floor":28.0,"key":"Strength Potion"},{"floor":29.0,"key":"SpeedPotion"},{"floor":31.0,"key":"SmokeBomb"},{"floor":35.0,"key":"Energy Potion"},{"floor":47,"key":"SneckoOil"}],"is_trial":false,"path_per_floor":["M","?","M","T","?","R","M","E","T","R","M","R","M","M","R","B",null,"M","M","?","?","?","R","$","M","T","E","M","E","$","M","R","B",null,"M","?","?","M","M","R","E","R","T","M","E","M","M","M","R","B"],"character_chosen":"IRONCLAD","items_purchased":["Shrug It Off","Medical Kit","Rampage","Cleave"],"campfire_rested":3,"item_purchase_floors":[24,24,24,30],"current_hp_per_floor":[71,60,65,65,65,65,66,42,42,42,47,47,47,53,53,59,94,83,75,75,53,34,63,63,57,57,32,36,18,18,24,53,32,99,74,74,74,80,78,78,60,60,60,51,25,27,16,22,51,0],"gold":260,"neow_bonus":"ONE_RARE_RELIC","is_prod":false,"is_daily":false,"chose_seed":false,"campfire_upgraded":5,"win_rate":0,"timestamp":1617722019,"path_taken":["M","?","M","?","?","R","M","E","T","R","M","R","M","M","R","BOSS","M","M","?","?","?","R","$","M","T","E","M","E","?","?","R","BOSS","M","?","?","M","?","R","E","R","T","M","E","M","M","M","R","BOSS"],"build_version":"2020-12-22","purchased_purges":2,"victory":false,"max_hp_per_floor":[94,94,94,94,94,94,94,94,94,94,94,94,94,94,94,94,94,94,94,94,94,99,99,99,99,99,99,99,99,99,99,99,99,99,99,99,99,99,99,99,99,99,99,99,99,99,99,99,99,99],"card_choices":[{"not_picked":["Heavy Blade","Iron Wave","Perfected Strike"],"picked":"SKIP","floor":1.0},{"not_picked":["Heavy Blade","Sentinel"],"picked":"Flex","floor":3.0},{"not_picked":["Anger","Flex","Pommel Strike"],"picked":"SKIP","floor":7.0},{"not_picked":["Exhume","Cleave"],"picked":"Clash","floor":8.0},{"not_picked":["Feel No Pain","Dropkick"],"picked":"Uppercut","floor":11.0},{"not_picked":["Spot Weakness","Flame Barrier","Clothesline"],"picked":"SKIP","floor":11.0},{"not_picked":["Cleave","Havoc","Searing Blow"],"picked":"SKIP","floor":13.0},{"not_picked":["Cleave","Anger","Shockwave"],"picked":"SKIP","floor":13.0},{"not_picked":["Clothesline","Rupture","Bloodletting"],"picked":"SKIP","floor":14.0},{"not_picked":["Wild Strike","Feel No Pain","Headbutt"],"picked":"SKIP","floor":14.0},{"not_picked":["Wild Strike","Headbutt"],"picked":"Feel No Pain","floor":14.0},{"not_picked":["Clothesline","Rupture","Bloodletting"],"picked":"SKIP","floor":14.0},{"not_picked":["Immolate","Brutality"],"picked":"Impervious","floor":16.0},{"not_picked":[],"picked":"Intimidate","floor":18.0},{"not_picked":["Combust"],"picked":"SKIP","floor":18.0},{"not_picked":[],"picked":"Metallicize+1","floor":19.0},{"not_picked":["Spot Weakness"],"picked":"SKIP","floor":19.0},{"not_picked":["Headbutt"],"picked":"SKIP","floor":25.0},{"not_picked":["Heavy Blade"],"picked":"SKIP","floor":25.0},{"not_picked":["Pommel Strike"],"picked":"SKIP","floor":27.0},{"not_picked":[],"picked":"Dual Wield","floor":28.0},{"not_picked":["Headbutt+1"],"picked":"SKIP","floor":28.0},{"not_picked":[],"picked":"Pummel","floor":29.0},{"not_picked":[],"picked":"Wild Strike","floor":31.0},{"not_picked":["Shockwave"],"picked":"SKIP","floor":31.0},{"not_picked":[],"picked":"Fiend Fire","floor":33.0},{"not_picked":["Havoc"],"picked":"SKIP","floor":35.0},{"not_picked":["Thunderclap+1"],"picked":"SKIP","floor":35.0},{"not_picked":[],"picked":"Dramatic Entrance","floor":36.0},{"not_picked":["Warcry+1"],"picked":"SKIP","floor":38.0},{"not_picked":["Anger+1"],"picked":"SKIP","floor":38.0},{"not_picked":["Thunderclap+1"],"picked":"SKIP","floor":39.0},{"not_picked":["Headbutt"],"picked":"SKIP","floor":39.0},{"not_picked":["Immolate"],"picked":"SKIP","floor":41.0},{"not_picked":["Seeing Red"],"picked":"SKIP","floor":44.0},{"not_picked":["Heavy Blade"],"picked":"SKIP","floor":44.0},{"not_picked":["Uppercut"],"picked":"SKIP","floor":45},{"not_picked":["Seeing Red+1"],"picked":"SKIP","floor":46},{"not_picked":["Clothesline"],"picked":"SKIP","floor":46},{"not_picked":["Seeing Red+1"],"picked":"SKIP","floor":46},{"not_picked":["Clothesline"],"picked":"SKIP","floor":46},{"not_picked":[],"picked":"Carnage","floor":47},{"not_picked":["Thunderclap+1"],"picked":"SKIP","floor":47}],"player_experience":718646,"relics_obtained":[{"floor":4.0,"key":"Kunai"},{"floor":8.0,"key":"Whetstone"},{"floor":9.0,"key":"Prayer Wheel"},{"floor":21.0,"key":"Red Mask"},{"floor":26.0,"key":"Orichalcum"},{"floor":27.0,"key":"Mummified Hand"},{"floor":29.0,"key":"Thread and Needle"},{"floor":41.0,"key":"Boot"},{"floor":45,"key":"Calipers"}],"event_choices":[{"damage_healed":0.0,"max_hp_gain":0.0,"max_hp_loss":0.0,"gold_gain":75.0,"event_name":"World of Goop","player_choice":"Gather Gold","floor":2.0,"gold_loss":0.0,"damage_taken":11.0},{"damage_healed":0.0,"max_hp_gain":0.0,"max_hp_loss":0.0,"gold_gain":0.0,"event_name":"Liars Game","player_choice":"Ignored","floor":5.0,"gold_loss":0.0,"damage_taken":0.0},{"cards_removed":["Strike_R"],"damage_healed":0.0,"max_hp_gain":0.0,"max_hp_loss":0.0,"gold_gain":0.0,"event_name":"Beggar","player_choice":"Gave Gold","floor":20.0,"gold_loss":75.0,"damage_taken":0.0},{"damage_healed":0.0,"max_hp_gain":0.0,"max_hp_loss":0.0,"gold_gain":0.0,"event_name":"Masked Bandits","player_choice":"Fought Bandits","floor":21.0,"gold_loss":0.0,"damage_taken":0.0},{"damage_healed":0.0,"max_hp_gain":5.0,"max_hp_loss":0.0,"gold_gain":0.0,"event_name":"Forgotten Altar","player_choice":"Shed Blood","floor":22.0,"gold_loss":0.0,"damage_taken":24.0},{"damage_healed":0.0,"max_hp_gain":0.0,"max_hp_loss":0.0,"gold_gain":0.0,"event_name":"SensoryStone","player_choice":"Memory 1","floor":36.0,"gold_loss":0.0,"damage_taken":0.0},{"damage_healed":0.0,"max_hp_gain":0.0,"max_hp_loss":0.0,"gold_gain":0.0,"event_name":"NoteForYourself","player_choice":"Ignored","floor":37.0,"gold_loss":0.0,"damage_taken":0.0}],"is_beta":false,"boss_relics":[{"not_picked":["Snecko Eye","Sozu"],"picked":"Busted Crown"},{"not_picked":["Fusion Hammer","Black Star"],"picked":"Cursed Key"}],"items_purged_floors":[24,30],"is_endless":false,"potions_floor_spawned":[7,8,11,14,25,28,29,31,35,39,41,47],"killed_by":"Time Eater","ascension_level":0}