{"gold_per_floor":[17,27,27,45,65,75,105,105,130,205,222,237,70,70,70,165,165,181,191,203,203,213,213],"floor_reached":23,"playtime":1657,"items_purged":["Strike_R"],"score":272,"play_id":"ab2fd028-b35b-4a37-bc12-72ebaefbf5c1","local_time":"20210408205326","is_ascension_mode":false,"campfire_choices":[{"data":"Bash","floor":8,"key":"SMITH"},{"data":"Body Slam","floor":15,"key":"SMITH"}],"neow_cost":"NO_GOLD","seed_source_timestamp":2346056012917400,"circlet_count":0,"master_deck":["Strike_R","Strike_R","Strike_R","Strike_R","Defend_R+1","Defend_R","Defend_R","Defend_R","Bash+1","Evolve","Body Slam+1","Ghostly Armor","Juggernaut+1","Shrug It Off+1","Good Instincts","Limit Break","CurseOfTheBell","Burning Pact"],"relics":["Burning Blood","FossilizedHelix","Frozen Egg 2","MealTicket","Calling Bell","War Paint","Sundial","Thread and Needle"],"potions_floor_usage":[11,20,20,20,22,22,23],"damage_taken":[{"damage":5,"enemies":"Cultist","floor":1,"turns":4},{"damage":4,"enemies":"2 Louse","floor":2,"turns":3},{"damage":0,"enemies":"Small Slimes","floor":4,"turns":4},{"damage":9,"enemies":"3 Louse","floor":5,"turns":4},{"damage":16,"enemies":"Gremlin Gang","floor":6,"turns":8},{"damage":62,"enemies":"Lagavulin","floor":7,"turns":15},{"damage":0,"enemies":"Large Slime","floor":11,"turns":7},{"damage":4,"enemies":"Exordium Wildlife","floor":12,"turns":5},{"damage":0,"enemies":"Slime Boss","floor":16,"turns":9},{"damage":13,"enemies":"Spheric Guardian","floor":18,"turns":4},{"damage":13,"enemies":"2 Thieves","floor":19,"turns":5},{"damage":39,"enemies":"Snake Plant","floor":20,"turns":6},{"damage":0,"enemies":"Sentry and Sphere","floor":22,"turns":6},{"damage":111,"enemies":"Slavers","floor":23,"turns":8}],"seed_played":"7580724625984080747","potions_obtained":[{"floor":6,"key":"GamblersBrew"},{"floor":7,"key":"SteroidPotion"},{"floor":11,"key":"FairyPotion"},{"floor":12,"key":"Fire Potion"},{"floor":19,"key":"EntropicBrew"},{"floor":20,"key":"AttackPotion"},{"floor":22,"key":"Weak Potion"}],"is_trial":false,"path_per_floor":["M","M","T","M","M","M","E","R","T","?","M","M","$","?","R","B",null,"M","M","M","?","M","E"],"character_chosen":"IRONCLAD","items_purchased":["Good Instincts"],"campfire_rested":0,"item_purchase_floors":[13],"current_hp_per_floor":[96,96,96,96,93,83,27,27,27,16,22,24,39,44,44,50,101,94,87,74,74,80,0],"gold":213,"neow_bonus":"TWENTY_PERCENT_HP_BONUS","is_prod":false,"is_daily":false,"chose_seed":false,"campfire_upgraded":2,"win_rate":0,"timestamp":1617886406,"path_taken":["M","M","?","M","M","M","E","R","T","?","M","M","$","?","R","BOSS","M","M","M","?","M","E"],"build_version":"2020-12-22","purchased_purges":1,"victory":false,"max_hp_per_floor":[96,96,96,96,96,96,96,96,96,96,96,96,96,101,101,101,101,101,101,101,101,101,101],"card_choices":[{"not_picked":["Clothesline","Cleave"],"picked":"Evolve","floor":1},{"not_picked":["Thunderclap","Twin Strike"],"picked":"Body Slam","floor":2},{"not_picked":["Iron Wave","Clothesline","Wild Strike"],"picked":"SKIP","floor":4},{"not_picked":["Anger","Clash","Havoc"],"picked":"SKIP","floor":5},{"not_picked":["Sword Boomerang","Bloodletting"],"picked":"Ghostly Armor","floor":6},{"not_picked":["Iron Wave","Dropkick","Clash"],"picked":"SKIP","floor":7},{"not_picked":["True Grit","Dual Wield"],"picked":"Juggernaut+1","floor":11},{"not_picked":["Havoc","Perfected Strike"],"picked":"Shrug It Off","floor":12},{"not_picked":["Corruption+1","Fiend Fire"],"picked":"Limit Break","floor":16},{"not_picked":["Burning Pact","Bloodletting","Warcry"],"picked":"SKIP","floor":18},{"not_picked":["Searing Blow","Seeing Red","Combust+1"],"picked":"SKIP","floor":19},{"not_picked":["Clothesline","Twin Strike+1","Clash"],"picked":"SKIP","floor":20},{"not_picked":["Headbutt","Power Through+1"],"picked":"Burning Pact","floor":22}],"player_experience":722964,"relics_obtained":[{"floor":3,"key":"FossilizedHelix"},{"floor":7,"key":"Frozen Egg 2"},{"floor":9,"key":"MealTicket"},{"floor":17,"key":"War Paint"},{"floor":17,"key":"Sundial"},{"floor":17,"key":"Thread and Needle"}],"event_choices":[{"damage_healed":0,"gold_gain":75,"player_choice":"Gather Gold","damage_taken":11,"max_hp_gain":0,"max_hp_loss":0,"event_name":"World of Goop","floor":10,"gold_loss":0},{"damage_healed":0,"gold_gain":0,"player_choice":"Donut","damage_taken":0,"max_hp_gain":5,"max_hp_loss":0,"event_name":"Big Fish","floor":14,"gold_loss":0},{"damage_healed":0,"gold_gain":0,"player_choice":"Bought 0 Potions","damage_taken":0,"max_hp_gain":0,"max_hp_loss":0,"event_name":"The Woman in Blue","floor":21,"gold_loss":0}],"is_beta":false,"boss_relics":[{"not_picked":["Runic Pyramid","Ectoplasm"],"picked":"Calling Bell"}],"items_purged_floors":[13],"is_endless":false,"potions_floor_spawned":[6,7,11,12,19,20,22],"killed_by":"Slavers","ascension_level":0}