{"gold_per_floor":[113,38,56,69,87,122,134,134,134,154,154,193,262,262,262,390,390,406,422,40,40,40,40,53,77,77,110,110,128,142,157,157,287,287,301,324,0,20,20,56,72,72,126,0,0,18,41,61,61,61,61,61,61,104,104],"floor_reached":56,"playtime":6654,"items_purged":["Pain","Strike_R"],"score":1265,"play_id":"68098c87-7188-4fb6-a939-3f834c2133c6","local_time":"20210404223059","is_ascension_mode":false,"campfire_choices":[{"data":"Bash","floor":11.0,"key":"SMITH"},{"data":"Intimidate","floor":15.0,"key":"SMITH"},{"floor":23.0,"key":"REST"},{"floor":28.0,"key":"RECALL"},{"floor":32.0,"key":"REST"},{"floor":42.0,"key":"REST"},{"floor":45.0,"key":"REST"},{"floor":49.0,"key":"REST"},{"floor":52.0,"key":"REST"}],"neow_cost":"CURSE","seed_source_timestamp":2000639765481900,"circlet_count":0,"master_deck":["Strike_R","Defend_R","Defend_R","Defend_R","Defend_R","Bash+1","Intimidate+1","Battle Trance","Carnage+1","Pommel Strike","Reaper","Second Wind","Shockwave","Sentinel","Shrug It Off","Demon Form","Wild Strike+1","True Grit","Evolve","Seeing Red","Disarm","Metallicize","Limit Break","Fiend Fire","Headbutt","Dark Embrace","Sever Soul+1","Clash","Feel No Pain+1"],"special_seed":0,"relics":["Burning Blood","Bird Faced Urn","Golden Idol","Ice Cream","Gremlin Horn","Du-Vu Doll","Fusion Hammer","Bag of Preparation","Frozen Eye","Champion Belt","Regal Pillow","Mark of Pain","Blood Vial","Torii","Red Mask","Bag of Marbles"],"potions_floor_usage":[55,55,55],"damage_taken":[{"damage":6.0,"enemies":"Small Slimes","floor":1.0,"turns":4.0},{"damage":12.0,"enemies":"Jaw Worm","floor":3.0,"turns":6.0},{"damage":0.0,"enemies":"2 Louse","floor":4.0,"turns":2.0},{"damage":12.0,"enemies":"Exordium Thugs","floor":5.0,"turns":4.0},{"damage":15.0,"enemies":"Gremlin Nob","floor":6.0,"turns":4.0},{"damage":1.0,"enemies":"2 Fungi Beasts","floor":7.0,"turns":4.0},{"damage":12.0,"enemies":"3 Louse","floor":10.0,"turns":4.0},{"damage":17.0,"enemies":"Lagavulin","floor":12.0,"turns":6.0},{"damage":27.0,"enemies":"3 Sentries","floor":13.0,"turns":9.0},{"damage":55.0,"enemies":"Slime Boss","floor":16.0,"turns":13.0},{"damage":10.0,"enemies":"2 Thieves","floor":18.0,"turns":4.0},{"damage":2.0,"enemies":"Chosen","floor":19.0,"turns":5.0},{"damage":9.0,"enemies":"Snake Plant","floor":24.0,"turns":3.0},{"damage":22.0,"enemies":"Cultist and Chosen","floor":25.0,"turns":5.0},{"damage":17.0,"enemies":"Gremlin Leader","floor":27.0,"turns":6.0},{"damage":9.0,"enemies":"3 Cultists","floor":29.0,"turns":5.0},{"damage":14.0,"enemies":"Centurion and Healer","floor":30.0,"turns":6.0},{"damage":0.0,"enemies":"Snake Plant","floor":31.0,"turns":4.0},{"damage":40.0,"enemies":"Collector","floor":33.0,"turns":11.0},{"damage":13.0,"enemies":"3 Shapes","floor":35.0,"turns":4.0},{"damage":22.0,"enemies":"3 Darklings","floor":36.0,"turns":6.0},{"damage":3.0,"enemies":"Maw","floor":38.0,"turns":6.0},{"damage":40.0,"enemies":"Reptomancer","floor":40.0,"turns":7.0},{"damage":62.0,"enemies":"4 Shapes","floor":41.0,"turns":5.0},{"damage":47.0,"enemies":"Spire Growth","floor":46.0,"turns":5.0},{"damage":26.0,"enemies":"Maw","floor":47.0,"turns":7.0},{"damage":10.0,"enemies":"3 Darklings","floor":48.0,"turns":4.0},{"damage":34.0,"enemies":"Time Eater","floor":50.0,"turns":7.0},{"damage":10.0,"enemies":"Shield and Spear","floor":54.0,"turns":5.0},{"damage":77,"enemies":"The Heart","floor":55,"turns":11}],"seed_played":"-665733580147643064","potions_obtained":[{"floor":1.0,"key":"Regen Potion"},{"floor":6.0,"key":"Fruit Juice"},{"floor":10.0,"key":"DistilledChaos"},{"floor":13.0,"key":"BlessingOfTheForge"},{"floor":16.0,"key":"BlessingOfTheForge"},{"floor":18.0,"key":"Ancient Potion"},{"floor":33.0,"key":"LiquidMemories"},{"floor":41.0,"key":"BlessingOfTheForge"},{"floor":54.0,"key":"Explosive Potion"}],"is_trial":false,"path_per_floor":["M","$","M","M","M","E","M","?","T","M","R","E","?","?","R","B",null,"M","M","$","?","?","R","M","M","T","E","R","M","M","M","R","B",null,"M","M","$","M","?","E","M","R","T","?","R","M","M","M","R","B",null,"R","$","E","B",null],"character_chosen":"IRONCLAD","items_purchased":["Bag of Preparation","Frozen Eye","Evolve","Blood Vial","Dark Embrace"],"campfire_rested":6,"item_purchase_floors":[20,20,20,37,37],"current_hp_per_floor":[80,80,74,80,74,74,84,63,63,69,69,58,49,49,49,8,85,85,85,85,69,69,85,85,77,77,82,82,82,85,85,85,53,85,85,73,73,85,85,55,25,65,65,65,85,54,50,85,85,63,85,85,85,83,25],"gold":104,"neow_bonus":"TRANSFORM_TWO_CARDS","is_prod":false,"is_daily":false,"chose_seed":false,"campfire_upgraded":2,"win_rate":0,"timestamp":1617546659,"path_taken":["M","$","M","M","M","E","M","?","T","M","R","E","?","?","R","BOSS","M","M","$","?","?","R","M","M","T","E","R","M","M","M","R","BOSS","M","M","$","M","?","E","M","R","T","?","R","M","M","M","R","BOSS","R","$","E","BOSS"],"build_version":"2020-12-22","purchased_purges":2,"victory":true,"max_hp_per_floor":[80,80,80,80,80,80,85,85,85,85,85,85,85,85,85,85,85,85,85,85,85,85,85,85,85,85,85,85,85,85,85,85,85,85,85,85,85,85,85,85,85,85,85,85,85,85,85,85,85,85,85,85,85,85,85],"card_choices":[{"not_picked":["True Grit","Dual Wield","Havoc"],"picked":"SKIP","floor":1.0},{"not_picked":["Havoc","Infernal Blade"],"picked":"Carnage","floor":3.0},{"not_picked":["Clash","Wild Strike","Rupture"],"picked":"SKIP","floor":4.0},{"not_picked":["Combust","Sentinel"],"picked":"Pommel Strike","floor":5.0},{"not_picked":["Thunderclap","Pommel Strike"],"picked":"Reaper","floor":6.0},{"not_picked":["Pummel","Combust"],"picked":"Second Wind","floor":7.0},{"not_picked":["Havoc","Body Slam"],"picked":"Shockwave","floor":10.0},{"not_picked":["Sword Boomerang","Hemokinesis"],"picked":"Sentinel","floor":12.0},{"not_picked":["Wild Strike","Iron Wave"],"picked":"Shrug It Off","floor":13.0},{"not_picked":["Corruption","Offering"],"picked":"Demon Form","floor":16.0},{"not_picked":["Pummel","Blood for Blood"],"picked":"Wild Strike+1","floor":18.0},{"not_picked":["Sword Boomerang+1","Flex","True Grit"],"picked":"SKIP","floor":19.0},{"not_picked":["Sword Boomerang+1","Flex"],"picked":"True Grit","floor":19.0},{"not_picked":["True Grit","Anger"],"picked":"Seeing Red","floor":24.0},{"not_picked":["Evolve","Thunderclap"],"picked":"Disarm","floor":25.0},{"not_picked":["Flex","Seeing Red","Dropkick"],"picked":"SKIP","floor":27.0},{"not_picked":["Sentinel","Sword Boomerang+1"],"picked":"Metallicize","floor":29.0},{"not_picked":["Dual Wield","Burning Pact","Twin Strike"],"picked":"SKIP","floor":30.0},{"not_picked":["Bloodletting","Iron Wave"],"picked":"Limit Break","floor":31.0},{"not_picked":["Reaper","Bludgeon"],"picked":"Fiend Fire","floor":33.0},{"not_picked":["Anger+1","Sever Soul","Dual Wield"],"picked":"SKIP","floor":35.0},{"not_picked":["Seeing Red","Dropkick+1"],"picked":"Headbutt","floor":36.0},{"not_picked":["Iron Wave+1","Clothesline","Fire Breathing"],"picked":"SKIP","floor":38.0},{"not_picked":["Carnage","Hemokinesis","Entrench"],"picked":"SKIP","floor":40.0},{"not_picked":["Headbutt","Rupture+1"],"picked":"Sever Soul+1","floor":41.0},{"not_picked":["Power Through","Combust+1","Carnage"],"picked":"SKIP","floor":46.0},{"not_picked":["Inflame","Intimidate+1","Havoc+1"],"picked":"SKIP","floor":47.0},{"not_picked":["Iron Wave+1","Shockwave"],"picked":"Clash","floor":48.0},{"not_picked":["Metallicize","Impervious"],"picked":"Feel No Pain+1","floor":54.0}],"player_experience":704654,"relics_obtained":[{"floor":6.0,"key":"Bird Faced Urn"},{"floor":9.0,"key":"Ice Cream"},{"floor":12.0,"key":"Gremlin Horn"},{"floor":13.0,"key":"Du-Vu Doll"},{"floor":26.0,"key":"Champion Belt"},{"floor":27.0,"key":"Regal Pillow"},{"floor":40.0,"key":"Torii"},{"floor":54.0,"key":"Bag of Marbles"}],"event_choices":[{"damage_healed":0.0,"max_hp_gain":0.0,"max_hp_loss":0.0,"gold_gain":0.0,"event_name":"Golden Idol","player_choice":"Take Damage","floor":8.0,"gold_loss":0.0,"damage_taken":21.0,"relics_obtained":["Golden Idol"]},{"damage_healed":0.0,"max_hp_gain":0.0,"max_hp_loss":0.0,"gold_gain":30.0,"event_name":"Dead Adventurer","player_choice":"Searched \u00273\u0027 times","floor":13.0,"gold_loss":0.0,"damage_taken":0.0},{"damage_healed":0.0,"max_hp_gain":0.0,"max_hp_loss":0.0,"gold_gain":0.0,"event_name":"Upgrade Shrine","player_choice":"Upgraded","floor":14.0,"gold_loss":0.0,"damage_taken":0.0,"cards_upgraded":["Carnage"]},{"damage_healed":0.0,"max_hp_gain":0.0,"max_hp_loss":0.0,"gold_gain":0.0,"event_name":"Cursed Tome","player_choice":"Obtained Book","floor":21.0,"gold_loss":0.0,"damage_taken":16.0},{"damage_healed":0.0,"max_hp_gain":0.0,"max_hp_loss":0.0,"gold_gain":0.0,"event_name":"Ghosts","player_choice":"Ignored","floor":22.0,"gold_loss":0.0,"damage_taken":0.0},{"cards_removed":["Strike_R"],"damage_healed":0.0,"max_hp_gain":0.0,"max_hp_loss":0.0,"gold_gain":0.0,"event_name":"Falling","player_choice":"Removed Attack","floor":39.0,"gold_loss":0.0,"damage_taken":0.0},{"damage_healed":0.0,"max_hp_gain":0.0,"max_hp_loss":0.0,"gold_gain":0.0,"event_name":"Tomb of Lord Red Mask","player_choice":"Paid","floor":44.0,"gold_loss":126.0,"damage_taken":0.0,"relics_obtained":["Red Mask"]}],"is_beta":false,"boss_relics":[{"not_picked":["Empty Cage","Pandora\u0027s Box"],"picked":"Fusion Hammer"},{"not_picked":["Velvet Choker","Coffee Dripper"],"picked":"Mark of Pain"}],"items_purged_floors":[2,37],"is_endless":false,"potions_floor_spawned":[1,6,10,13,16,18,24,25,33,35,36,41,47,48,54],"ascension_level":0}