{"gold_per_floor":[113,113,132,144,319,346,346,359,359,379,397,414,414,439,439,541,541,551,531,122,139,139,168,168,168,168,168,202,202,219,236,236,338,388,402,402,412,431,450,450,1,1,1,26,44,44,76,76,76,76,76,76,2,34,34],"floor_reached":55,"playtime":5864,"items_purged":["Doubt","Perfected Strike"],"score":754,"play_id":"502f5dc8-985e-40ea-b018-972edb3ea8a3","local_time":"20210717224309","is_ascension_mode":false,"campfire_choices":[{"data":"Bash","floor":7.0,"key":"SMITH"},{"data":"Metallicize","floor":13.0,"key":"SMITH"},{"data":"Pommel Strike","floor":15.0,"key":"SMITH"},{"data":"Second Wind","floor":24.0,"key":"SMITH"},{"floor":29.0,"key":"REST"},{"floor":32.0,"key":"REST"},{"data":"Spot Weakness","floor":40.0,"key":"SMITH"},{"floor":42.0,"key":"RECALL"},{"data":"Madness","floor":49.0,"key":"SMITH"},{"data":"Feel No Pain","floor":52.0,"key":"SMITH"}],"neow_cost":"NONE","seed_source_timestamp":0,"circlet_count":0,"master_deck":["Defend_R","Defend_R+1","Defend_R+1","Defend_R","Bash+1","Second Wind+1","Metallicize+1","Pommel Strike+1","Twin Strike","Headbutt","Feed","Reaper","Rampage+1","Spot Weakness+1","Necronomicurse","Flame Barrier+1","Bite","Bite","Bite+1","Bite","Bite","Twin Strike+1","Clothesline+1","Offering+1","Iron Wave+1","Ghostly Armor","Heavy Blade+1","Uppercut+1","Flash of Steel+1","Shrug It Off","Feel No Pain+1","Madness+1","Madness","Iron Wave+1"],"special_seed":0,"relics":["Burning Blood","NeowsBlessing","Lantern","Strawberry","Pantograph","Snecko Eye","Kunai","Necronomicon","Red Skull","Gremlin Horn","Molten Egg 2","Tiny House","War Paint","Dream Catcher","Oddly Smooth Stone","FossilizedHelix"],"potions_floor_usage":[],"damage_taken":[{"damage":0.0,"enemies":"2 Louse","floor":1.0,"turns":1.0},{"damage":0.0,"enemies":"Cultist","floor":3.0,"turns":1.0},{"damage":0.0,"enemies":"Jaw Worm","floor":4.0,"turns":1.0},{"damage":36.0,"enemies":"3 Sentries","floor":6.0,"turns":17.0},{"damage":7.0,"enemies":"Blue Slaver","floor":8.0,"turns":4.0},{"damage":5.0,"enemies":"Looter","floor":10.0,"turns":4.0},{"damage":9.0,"enemies":"Gremlin Gang","floor":11.0,"turns":4.0},{"damage":0.0,"enemies":"2 Fungi Beasts","floor":12.0,"turns":3.0},{"damage":11.0,"enemies":"Gremlin Nob","floor":14.0,"turns":3.0},{"damage":40.0,"enemies":"Slime Boss","floor":16.0,"turns":15.0},{"damage":16.0,"enemies":"Spheric Guardian","floor":18.0,"turns":4.0},{"damage":27.0,"enemies":"2 Thieves","floor":19.0,"turns":4.0},{"damage":11.0,"enemies":"Snecko","floor":21.0,"turns":3.0},{"damage":45.0,"enemies":"Book of Stabbing","floor":23.0,"turns":5.0},{"damage":68.0,"enemies":"Slavers","floor":28.0,"turns":10.0},{"damage":21.0,"enemies":"Shelled Parasite and Fungi","floor":30.0,"turns":5.0},{"damage":15.0,"enemies":"Snake Plant","floor":31.0,"turns":2.0},{"damage":69.0,"enemies":"Automaton","floor":33.0,"turns":8.0},{"damage":11.0,"enemies":"Orb Walker","floor":35.0,"turns":3.0},{"damage":24.0,"enemies":"3 Shapes","floor":37.0,"turns":6.0},{"damage":27.0,"enemies":"Jaw Worm Horde","floor":38.0,"turns":5.0},{"damage":17.0,"enemies":"Spire Growth","floor":39.0,"turns":4.0},{"damage":42.0,"enemies":"Reptomancer","floor":44.0,"turns":11.0},{"damage":6.0,"enemies":"Transient","floor":45.0,"turns":5.0},{"damage":49.0,"enemies":"Nemesis","floor":47.0,"turns":7.0},{"damage":84.0,"enemies":"Awakened One","floor":50.0,"turns":11.0},{"damage":57.0,"enemies":"Shield and Spear","floor":54.0,"turns":8.0},{"damage":91,"enemies":"The Heart","floor":55,"turns":6}],"seed_played":"8889490068084117173","potions_obtained":[{"floor":4.0,"key":"PowerPotion"},{"floor":6.0,"key":"Strength Potion"},{"floor":8.0,"key":"BloodPotion"},{"floor":16.0,"key":"Fire Potion"},{"floor":18.0,"key":"Swift Potion"},{"floor":30.0,"key":"Energy Potion"},{"floor":34.0,"key":"Fire Potion"},{"floor":44.0,"key":"GamblersBrew"},{"floor":45.0,"key":"SpeedPotion"},{"floor":47.0,"key":"Explosive Potion"}],"is_trial":false,"path_per_floor":["M","?","M","M","?","E","R","M","T","M","M","M","R","E","R","B",null,"M","M","$","M","?","E","R","?","T","?","E","R","M","M","R","B",null,"M","?","M","M","M","R","$","R","T","E","M","$","E","?","R","B",null,"R","$","E","B"],"character_chosen":"IRONCLAD","items_purchased":["Spot Weakness","Kunai","War Paint","Flash of Steel+1","Shrug It Off","Regen Potion","Iron Wave+1","BloodPotion"],"campfire_rested":2,"item_purchase_floors":[20,20,41,41,41,41,53,53],"current_hp_per_floor":[80,80,80,80,80,50,50,49,56,57,54,60,60,55,55,49,90,83,68,68,63,47,34,34,34,34,34,7,26,21,18,37,24,70,70,70,63,52,49,49,49,49,49,64,73,73,59,49,49,79,79,79,79,53,0],"gold":34,"neow_bonus":"THREE_ENEMY_KILL","is_prod":false,"is_daily":false,"chose_seed":false,"campfire_upgraded":7,"win_rate":0,"timestamp":1626532989,"path_taken":["M","?","M","?","?","E","R","M","T","M","M","M","R","E","R","BOSS","M","M","$","M","?","E","R","?","T","?","E","R","M","M","R","BOSS","M","?","?","M","M","R","$","R","T","E","M","$","E","?","R","BOSS","R","$","E","BOSS"],"build_version":"2020-12-22","purchased_purges":2,"victory":false,"max_hp_per_floor":[80,80,80,80,80,80,80,80,87,87,87,87,87,87,87,90,90,93,93,93,93,93,93,93,93,93,65,65,65,65,65,65,65,70,70,70,73,73,73,73,73,73,73,76,76,76,79,79,79,79,79,79,79,79,79],"card_choices":[{"not_picked":["Sword Boomerang","Ghostly Armor"],"picked":"Second Wind","floor":1.0},{"not_picked":["Burning Pact","Warcry"],"picked":"Perfected Strike","floor":3.0},{"not_picked":["Twin Strike","Clothesline"],"picked":"Metallicize","floor":4.0},{"not_picked":["Cleave","Sword Boomerang"],"picked":"Pommel Strike","floor":6.0},{"not_picked":["Flex","Searing Blow"],"picked":"Twin Strike","floor":8.0},{"not_picked":["Iron Wave","Seeing Red"],"picked":"Headbutt","floor":10.0},{"not_picked":["Flex","Second Wind","Exhume"],"picked":"SKIP","floor":11.0},{"not_picked":["Sword Boomerang","Twin Strike","Perfected Strike"],"picked":"SKIP","floor":12.0},{"not_picked":["True Grit","Warcry"],"picked":"Feed","floor":14.0},{"not_picked":["Exhume","Fiend Fire"],"picked":"Reaper","floor":16.0},{"not_picked":["Clothesline","Iron Wave","Searing Blow"],"picked":"SKIP","floor":18.0},{"not_picked":["Whirlwind","Pummel"],"picked":"Rampage+1","floor":19.0},{"not_picked":["Dropkick+1","Ghostly Armor+1","Warcry"],"picked":"SKIP","floor":21.0},{"not_picked":["Heavy Blade","Bloodletting+1"],"picked":"Flame Barrier+1","floor":23.0},{"not_picked":["Perfected Strike+1","Inflame"],"picked":"Twin Strike+1","floor":28.0},{"not_picked":["Sword Boomerang+1","Warcry","Cleave+1"],"picked":"SKIP","floor":30.0},{"not_picked":["Flex","Headbutt+1"],"picked":"Clothesline+1","floor":31.0},{"not_picked":["Corruption","Impervious"],"picked":"Offering","floor":33.0},{"not_picked":["Sever Soul+1","Pummel+1"],"picked":"Iron Wave+1","floor":34.0},{"not_picked":["Pommel Strike+1","Flex","True Grit+1"],"picked":"SKIP","floor":35.0},{"not_picked":["Infernal Blade+1","Blood for Blood+1"],"picked":"Ghostly Armor","floor":37.0},{"not_picked":["Dropkick+1","Searing Blow+1"],"picked":"Heavy Blade+1","floor":38.0},{"not_picked":["Rage","Dropkick+1"],"picked":"Uppercut+1","floor":39.0},{"not_picked":["Cleave+1","Sword Boomerang+1"],"picked":"Feel No Pain","floor":44.0},{"not_picked":["Body Slam+1","Ghostly Armor+1","Burning Pact"],"picked":"SKIP","floor":45.0},{"not_picked":["Dropkick+1","Feed+1","Clash+1"],"picked":"SKIP","floor":47.0},{"not_picked":["Warcry+1","Twin Strike+1","Rampage+1"],"picked":"SKIP","floor":54.0}],"player_experience":746997,"relics_obtained":[{"floor":6.0,"key":"Lantern"},{"floor":9.0,"key":"Strawberry"},{"floor":14.0,"key":"Pantograph"},{"floor":22.0,"key":"Necronomicon"},{"floor":23.0,"key":"Red Skull"},{"floor":26.0,"key":"Gremlin Horn"},{"floor":28.0,"key":"Molten Egg 2"},{"floor":44.0,"key":"Dream Catcher"},{"floor":47.0,"key":"Oddly Smooth Stone"},{"floor":54.0,"key":"FossilizedHelix"}],"event_choices":[{"cards_removed":["Strike_R"],"damage_healed":0.0,"max_hp_gain":0.0,"max_hp_loss":0.0,"gold_gain":0.0,"event_name":"Purifier","player_choice":"Purged","floor":2.0,"gold_loss":0.0,"damage_taken":0.0},{"damage_healed":0.0,"max_hp_gain":0.0,"max_hp_loss":0.0,"gold_gain":175.0,"event_name":"Liars Game","player_choice":"AGREE","floor":5.0,"gold_loss":0.0,"damage_taken":0.0,"cards_obtained":["Doubt"]},{"damage_healed":0.0,"max_hp_gain":0.0,"max_hp_loss":0.0,"gold_gain":0.0,"event_name":"Cursed Tome","player_choice":"Obtained Book","floor":22.0,"gold_loss":0.0,"damage_taken":16.0},{"damage_healed":0.0,"max_hp_gain":0.0,"max_hp_loss":0.0,"gold_gain":0.0,"event_name":"Ghosts","player_choice":"Ignored","floor":25.0,"gold_loss":0.0,"damage_taken":0.0},{"damage_healed":0.0,"max_hp_gain":0.0,"max_hp_loss":28.0,"gold_gain":0.0,"event_name":"Vampires","player_choice":"Became a vampire","floor":27.0,"gold_loss":0.0,"damage_taken":0.0,"cards_obtained":["Bite","Bite","Bite","Bite","Bite"]},{"damage_healed":0.0,"max_hp_gain":0.0,"max_hp_loss":0.0,"gold_gain":0.0,"event_name":"Upgrade Shrine","player_choice":"Upgraded","floor":36.0,"gold_loss":0.0,"damage_taken":0.0,"cards_upgraded":["Offering"]},{"damage_healed":0.0,"max_hp_gain":0.0,"max_hp_loss":0.0,"gold_gain":0.0,"event_name":"Winding Halls","player_choice":"Embrace Madness","floor":48.0,"gold_loss":0.0,"damage_taken":10.0,"cards_obtained":["Madness","Madness"]}],"is_beta":false,"boss_relics":[{"not_picked":["Philosopher\u0027s Stone","Empty Cage"],"picked":"Snecko Eye"},{"not_picked":["Runic Dome","Runic Cube"],"picked":"Tiny House"}],"items_purged_floors":[20,41],"is_endless":false,"potions_floor_spawned":[4,6,8,16,18,30,44,45,47],"killed_by":"The Heart","ascension_level":0}